2986 5074
268 443 309 502 48
651 456 882 502 nunno-saxon
906 456 1038 500 arcuna.

267 597 367 662 gigerela
410 597 474 645 bioca
515 612 531 660 7
607 594 747 660 gihvidadon
820 595 859 642 hia
891 595 917 641 in
981 593 1048 641 blode
1123 592 1210 641 lombes
1250 591 1321 641 f'iton
1356 608 1410 640 aron

279 661 376 725 stolas
405 683 478 724 suas
508 669 541 724 et
566 659 791 724 dealbaverunt
813 679 866 722 eas
888 657 922 720 in
942 655 1096 740 sanguine
1122 656 1216 740 agni3
1250 655 1323 719 ideo
1347 665 1419 720 sunt

268 763 326 814 bisc
378 762 487 811 hehsedlo
542 764 596 811 odes
630 778 646 826 7
703 760 798 825 giherait
831 760 880 808 him
987 775 1004 822 7
1048 759 1112 807 naht
1152 759 1178 806 iu
1218 759 1302 821 temple
1354 759 1392 806 his

268 835 343 893 ante
358 827 506 890 thronum
527 779 601 902 bei,
625 835 658 890 et
680 825 821 890 serviunt
846 823 876 886 ei
900 758 952 886 die
974 844 1012 888 ac
1033 831 1126 886 nocte
1148 821 1182 884 in
1197 821 1316 906 templo
1341 822 1419 906 ejus.

391 954 515 1018 icgilrerde
542 955 616 1002 stelen
665 950 691 1000 of
714 952 796 1000 heolne
828 949 959 1000 cvoeitende
1014 950 1087 1012 apritt
1127 950 1198 1011 eadgo
1240 949 1312 996 deado
1345 947 1419 996 baba

314 1016 373 1103 (6.)
393 1017 511 1082 Audivi
529 1038 638 1082 vocem
652 1015 693 1079 de
719 1014 787 1079 celo
806 1013 974 1090 dicentem,
996 1013 1107 1090 scribe,
1123 1011 1209 1078 beati
1223 1011 1341 1077 mortui
1357 1011 1412 1106 qui

277 1121 305 1169 in'
341 1121 434 1168 dribtne
482 1120 556 1169 bibon
567 1121 638 1168 deado

268 1183 302 1248 in
316 1183 455 1249 Domino
469 1183 655 1248 moriuntur.

666 1333 748 1379 ITEM
771 1333 1024 1381 COLLECTIONES·

428 1468 474 1531 god
538 1466 590 1515 bes
664 1466 733 1514 salic
790 1463 824 1531 ((
871 1467 1009 1516 feboderel
1073 1467 1208 1530 vnscyldigo
1273 1465 1386 1515 &noveras

311 1531 370 1619 (1.)
395 1531 496 1608 Deus,
511 1531 603 1614 cujus
623 1529 775 1593 hodierna
788 1529 840 1594 die
855 1531 1039 1614 preconium
1055 1530 1244 1608 innocentes
1255 1539 1419 1614 martyres,

284 1651 315 1684 no
391 1634 469 1698 sprdce
532 1633 563 1681 nh
631 1631 705 1680 deado
765 1633 904 1680 ondettendo
926 1649 982 1680 aron
1040 1633 1084 1682 alle
1124 1634 1150 1680 in
1204 1649 1231 1680 vs
1304 1649 1384 1695 synna

269 1721 334 1763 non
343 1698 503 1784 loquendo
515 1696 571 1760 sed
581 1695 753 1772 moriendo,
766 1695 901 1760 confessi
915 1704 998 1772 sunt,
1009 1695 1114 1760 omnia
1128 1696 1162 1759 iu
1175 1695 1267 1760 nobis
1277 1695 1424 1760 vitiorum

267 1802 341 1866 yfelra
388 1797 531 1864 gideababv
572 1799 618 1858 bte
655 1797 703 1844 lviv
783 1795 828 1844 cin
919 1799 938 1857 (5
1015 1806 1086 1860 tvngn
1161 1797 1209 1846 vsa’
1285 1798 1407 1860 gispreeec

267 1865 351 1931 mala
383 1861 546 1936 mortifica,
580 1869 617 1924 ut
638 1859 731 1922 fidem
762 1869 858 1938 tuam,
886 1881 981 1946 quam
1003 1861 1113 1946 lingua
1135 1871 1246 1926 nostra
1268 1861 1423 1946 loquitur,

285 1964 336 2029 pvt'
401 1963 485 2013 itecvnr
556 1963 586 2010 lif
607 1961 778 2025 giondeudbic

268 2029 364 2094 etiam
378 2027 518 2091 moribus
534 2025 598 2090 vita
620 2025 766 2090 fateatur.

430 2161 475 2225 god
512 2159 588 2210 &vite
621 2159 676 2210 &ab
692 2161 770 2211 braic
822 2163 884 2212 micil
981 2164 1071 2239 pvndro
1128 2161 1227 2210 svadeh
1294 2162 1391 2225 pvldrig

313 2226 372 2312 (2.)
397 2225 496 2302 Deus,
527 2225 582 2310 qui
610 2225 686 2290 licet
715 2225 757 2290 sis
783 2247 925 2311 magnus,
947 2225 1102 2290 mirabilia
1123 2234 1230 2290 tamen
1252 2225 1423 2310 gloriosius

267 2329 300 2378 bv
313 2345 395 2394 pyrccs
422 2345 452 2377 on
499 2329 583 2392 lytlvm
648 2329 681 2376 rel
745 2345 772 2376 va
879 2327 967 2376 vebid’
1050 2329 1076 2376 in
1124 2329 1189 2376 bima
1261 2329 1410 2390 gimersvnge

268 2391 407 2479 operaris
421 2392 455 2456 in
469 2391 616 2469 minimis,
645 2392 686 2456 da
708 2392 808 2470 nobis,
836 2413 1019 2478 quesumus,
1041 2391 1075 2460 iu
1098 2413 1207 2462 corum
1234 2390 1423 2456 celebritate

281 2495 380 2558 gdealga
430 2494 596 2544 babebeame
618 2493 677 2542 cin?
732 2495 824 2543 drihtne
895 2498 936 2542 vsi
1037 2493 1172 2557 gicyitnisse
1269 2493 1378 2556 gisaldon

268 2558 416 2644 gaudere,
439 2559 494 2645 qui
522 2557 589 2628 filio
618 2567 684 2638 tuo,
701 2558 839 2624 Domino
863 2560 980 2635 nostro,
996 2557 1211 2624 testimonium
1226 2557 1427 2642 prebuerunt

285 2659 335 2724 pvt'
400 2677 431 2709 no
480 2662 614 2725 spreccande

268 2723 365 2789 etiam
380 2745 443 2788 non
458 2725 634 2812 loquentes,
649 2746 707 2810 per

404 2857 509 2920 giliornia
572 2857 640 2905 cirico
720 2855 765 2904 cin
824 2857 869 2920 god
958 2857 1051 2905 cildral
1136 2855 1170 2905 ba
1217 2855 1271 2921 tols
1400 2875 1426 2905 ve

314 2921 373 3006 (3.)
397 2921 511 2992 Discat
539 2919 684 2984 aecclesia
713 2928 777 2996 tua,
802 2920 903 2997 Deus,
926 2919 1103 2995 infantium,
1120 2941 1199 3004 quos
1213 2919 1307 2983 hodie
1327 2941 1426 2984 vene-

268 3021 368 3071 vorbiad
431 3023 510 3070 bisone
551 3021 776 3085 smyltclblibelice
802 3016 894 3086 gibalde
957 3023 1085 3070 ariastnise
1135 3020 1177 3069 dio
1226 3023 1295 3070 aerist
1362 3023 1395 3070 h'f

268 3108 382 3163 remur,
399 3084 545 3173 exemplo
590 3085 743 3151 sinceram
789 3095 896 3150 tenere
932 3085 1092 3170 pietatem,
1120 3105 1185 3187 quq
1209 3085 1297 3170 prius
1321 3080 1424 3150 vitam

298 3187 378 3252 gisilic
547 3205 585 3236 ece
716 3190 736 3249 ’p
796 3188 881 3236 mahte
913 3187 1102 3252 ongenttalpita
1147 3188 1291 3236 ondveardne

265 3251 406 3340 prestitit
438 3251 661 3338 sempiternam
677 3271 771 3335 quam
787 3259 894 3335 posset
959 3271 1051 3315 nosse
1116 3259 1304 3336 presentem,
1320 3271 1383 3335 per

435 3385 513 3448 gihelp
584 3387 634 3449 vsig
715 3384 785 3434 driht‘
890 3387 977 3437 vebid'
1084 3387 1149 3434 biora
1255 3384 1324 3450 gibsd

314 3448 372 3532 (4.)
408 3449 536 3534 Adjuva
572 3471 639 3525 nos,
671 3448 818 3524 Domine,
846 3470 1028 3533 quesumus,
1059 3471 1169 3513 eorum
1197 3448 1425 3535 deprecatione

284 3549 419 3612 hnlgapara
461 3549 536 3598 baiis
558 3553 629 3599 bearn
693 3549 737 3598 bin
802 3550 911 3599 menuisc'
955 3568 985 3600 ns
1034 3550 1095 3615 baga
1136 3552 1197 3600 stein
1264 3553 1408 3615 opdettende

268 3621 457 3688 sanctorum,
474 3613 538 3698 qui,
554 3613 655 3677 filium
670 3622 761 3677 tuum
784 3613 923 3679 bumana
945 3636 1004 3679 nec
1028 3614 1102 3678 dum
1125 3636 1202 3680 voce
1224 3615 1425 3701 profitentes,

267 3717 380 3765 heofonlic
397 3717 479 3764 sindon
506 3715 538 3763 f'e
571 3716 608 3763 his
666 3717 795 3764 accennisse
845 3717 895 3780 gele
943 3717 1096 3780 gisigloestano

267 3779 390 3845 coelesti
405 3789 480 3844 sunt
494 3801 551 3864 pro
566 3778 635 3864 ejus
650 3779 814 3844 nativitate
829 3779 931 3864 gratia
945 3780 1095 3855 coronati,
1113 3780 1168 3864 qui

430 3913 463 3962 &a
545 3929 572 3960 vs
685 3913 756 3962 driht'
884 3911 972 3962 vebid'
1004 3959 1007 3964 ,
1072 3913 1172 3976 gigiviga
1181 3915 1221 3962 bia
1302 3913 1382 3965 &ohta

315 3978 373 4062 (5.)
410 3976 476 4061 lpsi
513 3975 614 4053 nobis,
651 3975 799 4051 Domine,
842 3996 1023 4060 quesumus,
1062 3977 1225 4060 postulent
1265 3979 1425 4043 mentium

283 4079 402 4128 claeunisae
507 4077 565 4127 dara
645 4079 826 4142 vuscyldignisse
890 4077 945 4143 tols
1026 4080 1158 4142 symbellice
1230 4081 1353 4144 gimersign
1365 4099 1395 4131 va

267 4142 448 4229 puritatem,
473 4163 607 4227 quorum
636 4141 848 4208 innocentiam
881 4141 976 4206 hodic
1004 4142 1186 4208 solemniter
1215 4143 1427 4224 celebramus,

267 4313 325 4378 pel*
