2986 5074
253 517 294 576 52
638 527 872 574 suono-saxon·
896 529 1030 573 ntroin.

275 673 344 720 binru
420 665 492 720 tibur’
558 685 574 734 7
627 669 729 719 Valeria'
780 683 796 732 7
846 667 916 714 maxi*
950 666 1124 742 ‘symbeltido
1151 665 1274 730 vebigsail
1318 667 1385 716 biorn

252 746 378 800 tuorum
394 734 536 800 Tiburtii
550 745 584 798 et
599 732 759 798 Valeriani
774 741 807 796 et
823 729 960 794 Maximi
976 729 1130 794 solemnia
1144 730 1288 808 colimus,
1306 754 1411 797 eorum

280 838 331 900 prt’
379 853 469 901 megno
525 837 663 900 regibisnia
722 835 740 883 ὃ

253 902 349 966 etiam
364 902 497 966 virtutes
512 901 682 977 imitemur,
699 920 756 985 per
770 895 946 962 Dominum

477 1127 521 1170 rx.
545 1108 599 1170 ru!
619 1103 701 1181 nn’r,
724 1123 838 1172 cancri
861 1121 1001 1166 oaonorr
1023 1119 1203 1164 uanrrnrs.

427 1240 472 1302 god
520 1239 596 1288 brito
622 1237 673 1301 vsig
710 1239 793 1301 eedges
847 1240 923 1300 georg'
1002 1235 1099 1284 &torres
1148 1236 1218 1284 &ines
1242 1239 1362 1302 eernvng?
1396 1254 1410 1302 7

302 1302 361 1386 (l.)
387 1301 486 1380 Deus,
522 1302 577 1388 qui
610 1323 669 1367 nos
698 1302 784 1367 beati
814 1299 946 1385 Georgii
981 1300 1127 1386 martyris
1157 1300 1205 1364 tui
1235 1302 1361 1366 meritis
1388 1315 1417 1366 et

304 1405 422 1469 bingvnge
518 1405 629 1467 giglndias
709 1403 766 1466 giles
860 1404 953 1452 rvmlioe
1020 1405 1065 1464 tte
1080 1402 1153 1452 osee
1180 1404 1217 1452 bis
1267 1405 1417 1453 velfiemnis'

256 1467 482 1533 intercessione
504 1466 656 1543 laetifioas,
676 1465 814 1532 concede
834 1466 1000 1551 propitius,
1027 1477 1065 1531 ut
1090 1466 1145 1552 qui
1170 1467 1239 1552 ejus
1261 1469 1418 1533 beneficia

290 1588 319 1620 ve
326 1570 410 1634 givgab
443 1571 619 1634 gefegiselenise
650 1569 712 1634 getes
809 1585 837 1617 ve
847 1569 934 1632 grtylga
1047 1568 1065 1618 b
1463 1565 1464 1636 l

258 1635 429 1720 poscimus,
446 1634 614 1698 donatione
634 1633 736 1719 gratie
761 1653 1001 1718 consequamur,
1026 1654 1083 1718 per

400 1863 403 1872 ¹
434 1859 490 1902 vn.
515 1839 567 1902 ιη’
589 1839 671 1914 run'r,
696 1857 825 1901 narses
848 1857 963 1902 sanem
987 1858 1091 1902 maner
1114 1841 1242 1902 avano’.
1266 1889 1269 1894 .

416 1973 450 2048 qe
531 1970 603 2048 sanc
703 1971 770 2034 eug
861 1968 932 2018 marc’
1013 1969 1109 2018 savae
1159 1983 1175 2034 7
1235 1971 1381 2048 guapenqoe
1467 1961 1469 2030 l

315 2037 374 2122 (1.)
410 2037 467 2112 so,
499 2035 646 2109 Domine,
684 2035 796 2098 beatus
828 2032 969 2109 Marcus,
1001 2043 1119 2120 martyr
1148 2045 1182 2098 et
1211 2036 1420 2119 evangehsta,
1469 2045 1470 2114 l

303 2157 355 2188 vara
446 2139 572 2186 tedemises
659 2137 758 2198 helpend
833 2139 877 2197 ’fite
933 2138 954 2184 f‘
1035 2153 1060 2184 vs
1141 2137 1173 2185 be
1253 2139 1392 2186 boensande

260 2213 387 2267 nostrae
421 2199 602 2285 fragilitatis
650 2199 783 2286 adjutor,
838 2211 875 2263 ut
918 2221 976 2285 pro
1012 2199 1103 2266 nobis
1136 2201 1194 2264 tibi
1234 2202 1424 2300 supplicans

271 2304 404 2368 monigbdd'
444 2305 477 2353 sio
504 2304 581 2351 'hered

260 2369 417 2454 copiosius
437 2321 592 2432 audetur.

477 2594 541 2640 1111.
567 2575 619 2640 ιιι]
642 2573 724 2649 na'r,
749 2591 862 2636 sinon
886 2592 1013 2637 vrranrs
1034 2592 1213 2637 uanrrnrs.

437 2727 514 2788 eorvig
610 2725 697 2774 vebid’
838 2725 900 2774 ellm’
1030 2727 1075 2788 god
1133 2727 1177 2785 tte
1232 2722 1379 2786 gibingende

314 2790 373 2872 (1.)
410 2743 531 2866 iresca,
563 2811 745 2874 quesumus,
777 2789 975 2872 omnipotens
1004 2789 1104 2865 Deus,
1135 2798 1173 2852 ut
1201 2785 1425 2852 intercedente

260 2892 355 2953 eadgvm
398 2890 463 2940 rital'
545 2891 628 2940 brovre
683 2890 741 2938 tin?
781 2905 798 2953 7
854 2891 924 2938 allvm
1003 2890 1193 2955 piliirmoedvml
1258 2891 1408 2939 vesiefriad

262 2955 355 3018 beato
382 2955 497 3031 Vitale,
524 2963 661 3040 martyre
682 2964 749 3032 tuo,
775 2965 808 3018 et
831 2954 953 3018 cunctis
980 2954 1221 3019 adversitatibus
1247 2953 1427 3018 liberemur

261 3057 287 3105 in
345 3058 441 3106 lichome
507 3073 523 3120 7
557 3059 592 3106 fro
621 3057 726 3121 poevml
833 3056 906 3104 tohu
1020 3055 1225 3120 vesiegiclaensad
1251 3072 1281 3104 on
1322 3055 1401 3105 bohte

261 3121 294 3184 in
325 3142 465 3207 corpore,
499 3131 532 3186 et
567 3144 585 3186 a
614 3121 719 3206 pravis
752 3119 995 3205 cogitationibus
1027 3121 1216 3186 mundemur
1250 3119 1283 3184 in
1314 3121 1425 3198 corde,

262 3302 319 3364 per

337 3426 340 3432 ·
453 3407 504 3471 ιιι]
528 3406 610 3480 nn’r,
634 3425 878 3470 arosrononuru
901 3426 1029 3470 rrnrrru
1052 3426 1095 3470 nr
1115 3426 1251 3472 saconr..

424 3557 469 3617 god
512 3553 588 3603 ὅνδε
614 3556 665 3618 vsig
705 3557 788 3618 gerlici
886 3553 975 3618 aposto¹
1089 3555 1159 3605 binra

309 3620 367 3702 (l.)
392 3619 492 3694 Deus,
524 3618 578 3702 qui
608 3641 666 3682 nos
692 3641 798 3684 annua
823 3619 1036 3704 apostolorum
1063 3630 1189 3684 tuorum
1218 3619 1362 3706 Philippi
1390 3635 1427 3690 et

425 3721 514 3782 symbol
524 3723 572 3769 tide
637 3721 780 3784 livgiglndas
843 3724 914 3785 gionn
1023 3723 1109 3771 vebid’
1199 3726 1243 3785 lite
1312 3724 1376 3774 bara

261 3784 372 3849 Jacobi
402 3784 599 3848 solemnitate
634 3784 786 3862 laetificas,
825 3795 940 3871 presta,
982 3808 1163 3872 quesumus,
1206 3797 1243 3852 ut
1282 3809 1427 3876 quorum

290 3903 318 3935 ve
330 3888 420 3950 gifecgu
450 3899 588 3950 eamvngvm
604 3889 787 3950 vesegilaeredo
862 3888 942 3937 bisen?

265 3952 439 4036 gaudemus
458 3951 579 4015 meritis
601 3950 794 4016 instruamur
820 3951 982 4036 exemplis,
1004 3974 1062 4038 per

278 4175 306 4217 v.
330 4173 437 4220 nouas
459 4156 540 4232 ran’r,
563 4175 765 4218 sanoronum
788 4175 991 4233 stamnum,
1015 4177 1146 4234 svnnrr,
1170 4179 1213 4224 nr
1234 4179 1426 4228 uuaouonr.

408 4304 493 4366 givnne
575 4303 678 4354 vvobid'
808 4303 878 4381 ulm'⁴
992 4309 1037 4370 god
1093 4312 1137 4371 pte
1154 4309 1225 4359 eaeo
1257 4313 1327 4376 balga
1338 4331 1398 4378 para

309 4367 368 4449 (1.)
392 4367 512 4446 Proste,
539 4388 719 4451 quesumus,
746 4377 944 4458 omnipotens
972 4371 1072 4451 Deus,
1101 4374 1214 4460 utqui
1238 4388 1425 4445 sanctorum
