3040 5074
651 525 884 572 ANGLO·SAXON
908 526 1041 570 atrurn.

538 808 673 826 ......
689 782 744 826 ΕΜ
768 782 950 828 SECUNDUM
973 783 1153 827 MATHEUM.

317 948 378 1033 (1,)
403 945 442 1012 In
468 945 523 1011 illo
550 955 693 1032 tempore
719 945 801 1010 dixit
830 945 924 1011 Jesus
953 943 1118 1030 discipulis
1148 941 1214 1008 suis
1243 941 1427 1028 parabolam
1502 1003 1503 1008 ,

271 1070 362 1138 hano.
410 1071 519 1138 Simile
534 1080 584 1136 est
609 1093 742 1158 regnum
768 1071 911 1182 eplorum
932 1070 1042 1134 deoem
1056 1067 1240 1154 virginibus,
1258 1089 1332 1154 que,
1345 1069 1428 1133 aoei-
1502 1067 1503 1136 i

271 1195 394 1281 pientes
409 1195 570 1282 lampades
593 1220 677 1276 suas,
699 1197 847 1263 exierunt
872 1196 996 1262 obviam
1018 1217 1151 1282 sponso3
1176 1195 1319 1282 quinque
1341 1195 1425 1260 enirn

271 1321 374 1388 exeis
399 1333 489 1390 erant
507 1323 606 1420 fatue,
634 1335 668 1392 et
690 1326 831 1413 quinque
853 1325 1035 1412 prudentes.
1082 1323 1147 1388 Sed
1173 1321 1315 1408 quinque
1331 1323 1425 1400 fatue,

272 1449 410 1536 acceptis
433 1448 640 1535 lampadibus,
663 1471 728 1514 non
746 1457 950 1536 sumpserunt
975 1449 1080 1514 oleum
1102 1470 1228 1527 secum3
1252 1448 1426 1535 prudentes

272 1585 555 1664 veroaooeperunt
578 1575 684 1641 oleum
707 1575 838 1640 invasis
862 1575 928 1640 suis
952 1596 1024 1640 oum
1044 1575 1251 1661 lampadibus.
1297 1574 1426 1640 Moram
1502 1569 1503 1660 i

249 1713 379 1790 ,autem
408 1703 543 1770 faciente
570 1724 695 1790 sponso,
733 1701 982 1768 dormitaverunt
1017 1724 1126 1768 omnes
1155 1713 1189 1768 et
1217 1703 1424 1770 dormierunt.

274 1830 387 1896 Media
411 1841 519 1896 autem
547 1840 650 1907 noete,
678 1829 795 1896 clamor
816 1831 920 1896 faetus
946 1840 1003 1909 est,
1038 1831 1132 1908 Eece,
1168 1854 1305 1920 sponsus
1330 1834 1426 1912 venit,
1502 1863 1503 1868 ¹

272 1957 357 2022 exite
373 1957 496 2022 obviam
512 1957 551 2021 ei.
596 1957 691 2023 Tune
706 1966 913 2022 surrexerunt
928 1979 1037 2022 omnes
1049 1957 1190 2043 yirgines
1204 1959 1268 2038 ille,
1285 1969 1426 2027 eterna

271 2093 386 2148 verunt
400 2083 563 2170 lampades
578 2105 662 2148 suas.
707 2083 811 2192 Fatue
827 2092 933 2148 autem
955 2082 1149 2168 sapientibus
1164 2085 1324 2166 dixerunt,
1341 2089 1425 2154 Date
1502 2087 1503 2136 l

270 2207 363 2271 nobis
378 2207 417 2272 de
441 2207 511 2272 oleo
526 2215 640 2283 vestro,
664 2207 740 2292 quia
761 2207 924 2294 lampades
941 2218 1050 2308 nostre
1072 2211 1314 2297 extinguuntur.
1363 2217 1425 2282 Re·

271 2334 467 2421 sponderunt
481 2333 653 2420 prudentes
668 2333 819 2413 dicentes,
837 2335 897 2414 Ne,
922 2337 1001 2402 forte
1023 2359 1088 2402 nou
1110 2340 1267 2407 sufficiant
1284 2344 1379 2410 nobis
1394 2355 1424 2410 et
1502 2329 1503 2336 ἵ

271 2460 379 2538 vobis3
402 2460 446 2525 ite
472 2459 580 2546 potius
607 2460 647 2525 ad
673 2461 856 2542 vendentes,
883 2473 916 2529 et
937 2464 1033 2530 emite
1054 2466 1153 2532 vobis.
1198 2466 1288 2534 Dum
1319 2481 1425 2538 autem

269 2587 353 2652 irent
368 2609 481 2666 emere,
497 2589 585 2654 venit
599 2611 743 2675 sponsus,
767 2600 800 2656 et
815 2613 879 2703 qup
894 2602 1005 2699 paratp
1020 2603 1119 2672 erant,
1140 2595 1339 2664 intraverunt
1354 2623 1425 2666 oum

270 2737 309 2780 eo
321 2716 361 2780 ad
372 2715 510 2800 nuptias,
534 2724 567 2780 et
582 2715 689 2782 clausa
703 2724 753 2781 est
762 2717 870 2801 janna.
918 2719 1096 2786 Novissime
1107 2723 1239 2790 veniunt
1253 2734 1287 2790 et
1301 2728 1425 2814 relique

271 2839 418 2925 virgines,
459 2841 611 2920 dicentes,
653 2841 801 2920 Domine,
835 2844 986 2924 Domine,
1021 2849 1109 2934 aperi
1146 2852 1237 2917 nobis
1244 2877 1254 2930 ;
1296 2863 1332 2919 at
1372 2857 1424 2922 ille

270 2967 466 3052 respondens
492 2965 546 3043 ait,
570 2967 685 3045 Amen,
710 2966 781 3032 dieo
799 2969 897 3048 vobis,
914 2973 1021 3038 neseio
1035 2997 1100 3043 vos.
1145 2979 1285 3065 Vigilate
1305 2983 1423 3072 itaque,

270 3093 347 3180 quia
361 3095 489 3161 nescitis
506 3095 601 3174 diem,
618 3116 722 3182 neque
736 3097 856 3162 horam.

313 3221 374 3306 (2.)
399 3222 469 3287 Ου’.
494 3222 681 3288 Offeruntur
695 3245 774 3308 regn
790 3269 798 3287 .
814 3271 822 3288 .
838 3271 871 3289 ..

314 3351 373 3437 (3.)
393 3353 447 3414 An
462 3352 511 3416 cn'
598 3351 704 3416 Prosit
715 3352 800 3438 plebi
812 3362 878 3455 tue,
891 3354 1090 3441 omnipotens
1102 3358 1317 3474 Deusbeatp,
1329 3366 1424 3444 illius,

266 3475 406 3562 virginis,
419 3478 469 3542 vel
483 3479 628 3565 martyris
644 3489 709 3592 tup,
726 3482 903 3546 veneranda
917 3483 1131 3571 solempnitas,
1148 3498 1185 3553 ut
1200 3491 1291 3576 eujus
1306 3497 1426 3580 gaudet

265 3601 438 3667 honoribus
452 3610 639 3689 protegatur
653 3606 782 3684 auxilio,
799 3629 856 3693 per

452 3829 489 3872 IN
512 3829 638 3876 vmrnrn
661 3834 764 3881 UNIUS
787 3839 946 3884 APOSTOLI
970 3843 1031 3886 VEL
1054 3844 1233 3893 MARTYRIS·

311 3958 370 4043 (l.)
396 3957 544 4024 Concede
570 3961 670 4040 nobis,
697 3986 880 4050 quesumus,
906 3971 1107 4058 omnipotens
1132 3977 1233 4056 Deus,
1255 3991 1423 4048 venturam

266 4083 351 4148 beati
367 4081 554 4148 confessoris
570 4086 625 4166 tui,
643 4088 738 4169 illius,
755 4095 899 4178 apostoli,
916 4097 967 4162 vel
988 4102 1143 4186 martyris,
1167 4105 1422 4192 solempnitatem

265 4230 405 4294 congruo
428 4209 594 4295 prevenire
618 4214 746 4295 bonore,
771 4229 804 4285 et
825 4221 1003 4290 venientem
1027 4227 1122 4314 digna
1148 4231 1309 4300 celebrare
1329 4237 1423 4303 devo-
1502 4231 1503 4280 l

265 4335 360 4416 tione,
376 4358 433 4422 per
