2986 5074
481 515 716 565 numo-senon
740 517 875 564 arrum.
1210 503 1253 564 85

231 653 343 703 solitustc
358 653 442 702 hearta'
467 655 507 703 bis
571 654 660 719 giselclt
677 644 718 706 'to
798 656 900 706 raeene'
969 655 1064 705 arlieel
1102 662 1144 702 to*
1180 656 1238 720 gode

139 718 201 802 (3.)
224 719 244 783 J
247 727 337 782 ustus
363 739 525 783 corsuum
541 720 670 785 tradidit
681 720 721 786 ad
732 719 925 805 vigilandum
937 719 1078 785 diluculo
1093 717 1133 784 ad
1144 719 1253 784 Deum

92 819 165 870 selle
180 821 264 884 dydel
312 821 369 870 hine
412 822 482 884 *lin
547 823 642 872 cusiene
713 823 846 872 baesheista
892 823 1077 872 boensendebib
1145 821 1253 886 rntynell

103 885 161 970 qui
182 885 260 949 fecit
284 884 385 962 illum,
407 885 488 950 etin
505 895 679 972 conspectu
704 887 848 952 altissimi
868 887 1110 972 deprecabitur3
1132 887 1254 976 aperiet

92 988 154 1036 mvb
203 989 241 1036 his
284 989 310 1036 in
359 989 443 1051 gibede
503 1003 524 1052 *1
558 990 592 1038 (ἐ
646 1005 658 1038 s
707 991 723 1038 ῖ
773 991 811 1040 his
845 1009 849 1015 ·
891 989 1008 1054 gebiddalt

110 1074 147 1117 os
170 1051 311 1117 suumin
328 1051 478 1129 oratione,
495 1061 528 1118 et
541 1074 600 1138 pro
615 1007 739 1118 delindis
754 1053 820 1119 suis
834 1054 1065 1141 deprecabitur.

226 1189 262 1252 gif
324 1186 400 1249 urile,
470 1188 576 1253 ville(?)
642 1196 706 1254 geste
749 1243 751 1248 ,
800 1191 905 1253 ondgites
1000 1190 1117 1254 gifvl....
1165 1189 1221 1240 hinc

142 1253 201 1336 (4.)
228 1252 264 1316 Si
282 1253 441 1317 Dominus
455 1251 600 1330 voluerit,
618 1253 732 1339 spiritu
746 1249 966 1338 intelligentiae
989 1253 1126 1340 replebit
1136 1252 1250 1330 illum3

93 1371 113 1419 Ἰ
179 1355 210 1403 he
286 1371 401 1406 summ.
434 1356 582 1419 smoltregnl
596 1356 709 1420 gisendeb
763 1355 854 1419 giriobe
920 1355 1072 1422 snyttres(?)
1132 1391 1172 1408 ...
1227 1393 1253 1408 ..

94 1429 131 1483 et
159 1417 229 1504 ipse
269 1427 421 1504 tanquam
458 1419 576 1484 imbres
606 1421 712 1485 mittet
749 1419 877 1508 eloquia
916 1421 1082 1510 sapientiae
1111 1443 1188 1502 suae,
1220 1430 1254 1488 et

339 1522 443 1570 ondeta&
547 1522 621 1572 driht'

93 1583 129 1648 in
146 1585 286 1651 oratione
302 1586 504 1650 confitebitur
518 1586 667 1651 Domino.

144 1785 204 1871 (5.)
230 1719 475 1850 catillatum
489 1734 582 1850 lttt
598 1730 786 1870 atterat
801 1786 879 1871 ,a
896 1737 930 1852 et
943 1757 1045 1871 aa
1060 1757 1094 1850 a
1109 1757 1252 1851 anta

112 1905 143 1936 ne
347 1935 349 1942 ,
384 1904 414 1936 ne
458 1888 567 1937 eftt'nreli
629 1890 726 1953 gimynd
785 1889 823 1937 lris
866 1904 884 1954 ‘1
936 1923 1253 1942 .............

94 1973 161 2015 non
176 1949 344 2028 delebitur,
360 1973 424 2015 non
447 1952 575 2016 recedet
596 1952 749 2018 memoria
763 1953 842 2038 ejus,
859 1963 892 2018 et
901 1975 1016 2020 nomen
1031 1953 1101 2040 ejus
1111 1953 1251 2040 require-

162 2054 199 2102 ee
263 2070 369 2102 cneereso
440 2055 466 2103 iu
531 2071 636 2104 cneorese
706 2093 708 2096 -

95 2127 150 2182 tur
172 2139 192 2182 e
212 2117 416 2202 generatione
432 2117 724 2204 ingenerationem.

271 2279 338 2342 cadig
403 2293 444 2326 ver
488 2276 555 2326 sebe
573 2249 672 2325 labere&
770 2285 895 2341 eostnvngc
1035 2277 1110 2329 f'lion
1154 2279 1208 2329 mili
1216 2280 1253 2348 ey

96 2355 99 2362 “
138 2342 203 2426 (6.)
241 2341 363 2406 Beatus
403 2340 452 2404 vir
485 2339 541 2426 qui
579 2339 690 2405 suffert
714 2341 963 2425 temptationem,
981 2343 1138 2428 quoniam,
1165 2366 1239 2409 cum

106 2445 232 2509 gicostiged
312 2444 355 2493 bie
437 2441 521 2492 onfoell
610 2445 703 2507 sigbeg'
753 2443 823 2490 lifes·
880 2446 901 2505 p
988 2445 1022 2494 eft
1032 2445 1112 2508 giheht
1190 2447 1236 2510 god

91 2511 245 2594 probatus
277 2507 381 2584 fuerit,
409 2506 543 2592 accipiet
569 2527 718 2571 coronam
740 2505 816 2614 vitp,
834 2529 930 2592 quam
952 2507 1135 2594 ‘repromisit
1158 2510 1251 2576 Deus

162 2612 255 2663 lvfendi
308 2611 386 2663 ‚hine
478 2655 481 2660 ,

96 2674 303 2762 diligentibus
338 2695 383 2738 se.
447 2674 450 2680 ’

213 2827 215 2838 ’
275 2834 334 2899 giles
449 2832 538 2883 vebid’
674 2834 729 2884 elm’
842 2833 888 2898 god
932 2835 977 2896 dte
1041 2851 1082 2885 rsa
1146 2846 1196 2887 ocst

142 2898 203 2984 (7.)
228 2897 385 2976 Concede,
402 2919 585 2984 quesumus,
602 2899 802 2985 omnipotens
817 2899 918 2976 Deus,
940 2908 976 2962 ut
995 2908 1104 2965 nostra
1114 2901 1250 2981 devotio,

94 3001 138 3050 cio
176 3002 322 3065 symbeleeu’
369 3001 420 3050 ecd'
482 2999 554 3048 'brev'
613 2999 658 3050 bin
810 3002 894 3064 f’egoe
965 3001 1073 3051 fadorliei
1081 3001 1149 3068 bing’
1197 3021 1226 3054 rs

93 3087 163 3166 qup
181 3065 326 3130 natalitia
350 3063 438 3130 beati
449 3063 594 3150 martyris
606 3064 663 3142 tui,
677 3062 772 3142 illius,
786 3063 954 3142 antecedit,
970 3066 1145 3151 patrocinio
1160 3069 1252 3135 nobis

113 3169 152 3217 ms
218 3168 327 3232 mannia

96 3233 168 3318 ejus
183 3231 371 3308 accumulet,
387 3252 444 3316 per
459 3230 502 3294 D’

260 3391 322 3454 halg'
397 3387 466 3439 liror’
493 3399 495 3404 ’
525 3388 570 3438 ein
599 3409 602 3416 ¹
751 3387 824 3440 driht'
920 3389 1009 3440 vebid’
1113 3394 1220 3458 arpyiae

143 3455 203 3540 (8.)
229 3453 338 3519 Sancti
351 3453 497 3540 martyris
519 3453 577 3530 tui,
599 3452 696 3532 illins,
711 3454 860 3532 Domine,
876 3471 1058 3541 quesumus,
1074 3460 1254 3526 veneranda

131 3559 229 3621 symbel'
278 3555 400 3606 helvoend’
460 3557 519 3605 fvlti
552 3556 622 3605 &ines
661 3558 748 3621 giprne
811 3572 839 3606 vs
943 3558 1031 3608 ol’eee

91 3621 252 3692 festivitas
267 3620 415 3686 salutaris
429 3619 538 3686 auxilii
566 3621 614 3685 tui
637 3631 758 3706 prestet
772 3622 863 3686 nobis
878 3633 1093 3707 augmentum,
1110 3645 1168 3709 per

260 3773 346 3834 oestigo
384 3772 436 3834 vsig
500 3772 572 3821 driht'
669 3771 752 3822 vebid’
832 3775 884 3822 ead'
954 3773 1023 3823 brov'
1073 3773 1143 3824 binos

144 3836 203 3921 (9.)
228 3835 360 3899 Votivos
375 3857 443 3912 nos,
459 3835 607 3912 Domine,
622 3857 804 3921 quesumuS,
820 3837 905 3900 beati
920 3837 1066 3924 martyris
1082 3839 1139 3916 tui,
1155 3840 1251 3920 illius,

96 3937 268 4005 symb'ecnnis'
296 3938 369 4000 symle
417 3937 500 4001 gieiit
550 3936 618 3985 sebe
633 3953 666 3985 aee
732 3938 858 4000 pynsinise
954 3957 981 3988 vs
1029 3940 1066 3988 lris
1164 3945 1254 4007 pvld'ee

110 4002 228 4068 natalis
260 4023 385 4086 semper
396 4000 543 4085 excipiat,
561 4001 616 4086 qui
631 4010 664 4064 et
674 4000 903 4085 jocunditatem
918 4002 1009 4068 nobis
1025 4025 1084 4122 sup
1097 4005 1253 4090 glorifica·

239 4105 328 4152 ondaele
393 4119 410 4168 Ἰ
442 4103 475 4151 lie
508 4103 558 4165 vsig
600 4119 614 4150 a
642 4103 664 4150 le
729 4103 841 4166 ondt'engo

94 4169 194 4236 tionis
208 4165 364 4244 infundat,
380 4175 414 4232 et
428 4165 487 4231 tibi
502 4187 560 4230 nos
574 4187 608 4231 re
631 4165 685 4230 dat
699 4176 855 4251 acceptos,
872 4189 929 4254 per

271 4332 316 4393 god
364 4329 438 4379 balta
496 4329 571 4392 helgo
632 4345 692 4406 ‘vs'
739 4327 815 4406 disses
858 4327 916 4407 liges
1004 4333 1102 4396 symbel'
1206 4335 1245 4386 f'e

143 4395 226 4480 (10.)
249 4395 350 4473 Deus,
378 4393 433 4482 qui
463 4400 604 4459 sanctam
619 4395 711 4458 nobis
733 4391 829 4480 hugus
852 4394 915 4460 drer
936 4394 1180 4464 sollemnitatem
1195 4421 1252 4486 pro
