3040 5074
661 534 895 580 anulo-saxon
921 535 1054 580 RlTUAL.

808 830 895 875 aare.

321 941 381 1024 (l.)
406 939 445 1003 lu
459 938 519 1004 hac
534 938 636 1024 prima
650 937 714 1003 diei
729 937 815 1015 hora,
832 959 1016 1026 quesumus,
1032 937 1182 1014 Domine,
1199 947 1256 1002 tua
1269 959 1331 1003 nos
1350 939 1440 1025 reple

273 1066 495 1143 misericordia,
511 1076 548 1131 ut
563 1087 621 1152 per
632 1074 732 1131 totam
743 1064 827 1130 diem
840 1065 1022 1131 exultantes
1037 1065 1071 1130 in
1087 1064 1151 1131 tuis
1166 1064 1318 1140 laudibus
1329 1066 1440 1131 delec-

276 1203 388 1271 temur,
404 1215 463 1280 per

730 1348 823 1392 nona
844 1349 977 1393 rancis.

320 1462 380 1550 (1.)
405 1461 481 1528 'libi
496 1460 694 1528 subnexibns
709 1463 866 1549 precibus,
883 1464 1013 1530 Christo
1028 1463 1178 1542 Domino,
1204 1461 1436 1549 supplicamus,

275 1589 330 1676 qui
355 1590 432 1655 hora
446 1590 510 1656 diei
533 1589 627 1655 tertia
653 1589 807 1675 Spiritum
826 1592 977 1656 Sanctum
1003 1591 1156 1679 apostolis
1178 1589 1243 1655 tuis
1269 1589 1438 1654 orantibus

273 1717 414 1796 emisisti,
438 1718 580 1804 ejusdem
607 1715 741 1802 gratiam
778 1716 1074 1804 participationibus
1104 1718 1196 1783 nobis
1226 1715 1437 1804 poscentibus

269 1841 382 1926 jubeas
398 1843 540 1922 concedi,
552 1843 631 1908 Jesu
643 1840 781 1920 Christe,
799 1863 857 1928 per
941 1845 945 1854 '

671 2063 795 2110 ORATIO
818 2063 862 2107 AD
885 2064 1026 2110 SEXTAM.

317 2180 376 2265 (l.)
400 2178 538 2244 Domine
552 2179 631 2244 Jesu
647 2179 785 2256 Christe,
802 2178 857 2264 qui
872 2180 974 2245 multa
987 2180 1144 2246 mirabilia
1158 2182 1262 2250 fecisti
1284 2195 1320 2250 et
1343 2196 1433 2252 sexta

272 2303 350 2370 hora
363 2328 420 2391 pro
434 2305 525 2370 nobis
547 2305 581 2369 in
605 2327 699 2370 eruce
723 2304 904 2382 ascendisti,
926 2316 959 2370 et
982 2306 1086 2371 Adam
1109 2307 1149 2372 de
1171 2308 1295 2376 inferno
1321 2313 1432 2378 eruisti

271 2453 408 2520 eumque
433 2433 466 2497 in
492 2433 638 2520 paradiso
664 2432 840 2510 restituisti,
868 2455 1041 2520 quesumus
1071 2443 1112 2511 te,
1146 2445 1183 2500 ut
1216 2438 1257 2502 ab
1282 2441 1431 2506 omnibus
1504 2455 1505 2509 l

271 2559 540 2645 peccatisnostris
563 2560 686 2646 eripere
712 2581 771 2624 nos
789 2559 913 2648 jubeas,
941 2569 973 2626 et
995 2559 1030 2628 in
1055 2560 1204 2647 operibus
1225 2563 1289 2630 tuis
1314 2568 1433 2632 sanctis

270 2708 394 2772 semper
408 2689 577 2768 custodias,
593 2689 672 2754 Jesu
688 2688 825 2765 Christe,
842 2711 900 2774 per

678 2918 804 2964 ORATIO
826 2919 870 2962 AD
893 2919 1026 2964 Nouam.

315 3034 375 3121 (1.)
400 3033 495 3100 Nona
508 3032 606 3118 igitur
628 3033 692 3099 diei
715 3034 793 3100 hora
818 3034 859 3100 ad
883 3043 925 3112 te,
948 3033 1096 3111 Domine,
1124 3035 1245 3102 directa
1268 3038 1429 3124 supplica-

270 3163 365 3242 tione,
384 3184 446 3249 que
470 3160 645 3226 cultoribus
668 3161 732 3228 tuis
758 3160 865 3226 divina
887 3170 1103 3226 monstrantur
1124 3161 1286 3241 miracula,
1323 3175 1431 3232 nostra
1502 3221 1503 3264 ἐ

270 3311 398 3377 quoque
413 3309 522 3354 eorum
537 3287 714 3354 imitatione
730 3288 825 3360 corda
839 3287 981 3373 purifica,
999 3309 1056 3374 per
1502 3265 1503 3270 ἵ

594 3520 719 3564 ORATIO
741 3521 785 3562 Ar)
807 3519 1086 3564 cOMPLu'romum.

314 3631 373 3718 (l.)
399 3630 567 3710 Inluminn,
581 3631 729 3710 Domine,
742 3633 910 3698 tenebrose
925 3631 1019 3696 conia
1031 3639 1148 3707 nostra,
1165 3639 1199 3696 et
1210 3631 1311 3698 totius
1327 3633 1427 3698 noetis

269 3757 398 3824 insidias
412 3756 531 3823 inimici
546 3767 583 3822 tu
597 3757 726 3844 repelle,
742 3765 788 3834 ut,
810 3765 845 3822 te
866 3764 1063 3841 protegente,
1085 3756 1126 3820 ad
1146 3777 1292 3823 auroram
1310 3759 1425 3826 iterum
1500 3831 1501 3840 χ

267 3892 374 3949 mente
389 3893 422 3949 et
437 3906 567 3972 corpore
582 3885 756 3951 incolomes
771 3881 936 3968 pervenire
951 3903 1138 3960 mereamur,
1154 3905 1214 3968 per

801 4107 888 4152 ALIA·

314 4228 374 4315 (l.)
399 4226 535 4292 Noctem
563 4224 646 4290 henc
677 4223 832 4290 inlumina
864 4224 1025 4289 mentibus
1055 4226 1181 4304 nostris,
1212 4228 1422 4315 omnipotens,
1499 4277 1500 4282 η

269 4361 380 4463 eternp
395 4353 496 4430 Deus,
512 4359 545 4416 et
565 4351 652 4418 effice
672 4371 730 4416 nos
749 4350 885 4416 famulos
905 4361 978 4418 tuos
992 4352 1129 4418 dormire
1144 4354 1212 4420 sine
1227 4356 1420 4435 criminibus,
