3040 5074
472 527 707 570 suono-saxon
730 526 862 570 arroso.
1181 493 1266 571 mi

77 670 106 715 in
136 667 200 716 aaem
226 670 270 728 §te
303 667 327 714 in
383 665 430 714 1va
482 664 564 713 ttinvm
591 665 688 713 hialilia
722 680 743 728 ,7
817 666 901 728 gisldia
983 681 999 728 7
1038 666 1241 728 hiasiegimonig-

78 731 117 794 in
149 753 197 808 eo,
229 739 266 794 ut
295 730 328 792 in
360 750 466 794 amore
497 739 553 792 tuo
587 729 692 793 vivent
723 739 755 792 et
782 739 956 806 senescant,
981 738 1014 793 et
1090 729 1242 815 multipli-

80 835 178 882 faldado
226 835 252 881 in
332 833 398 895 lenge
512 833 601 894 dagano

80 909 199 962 centur
220 897 253 962 in
276 894 474 980 longitudine
496 893 628 971 dierum,
652 916 709 980 per
731 893 906 959 Dominum

546 1117 583 1160 ΙΝ
606 1115 779 1159 THALAMO.

239 1233 364 1296 gibloedsia
419 1230 468 1280 irih
500 1230 578 1278 faeder
621 1244 638 1292 7
688 1245 746 1305 synt
802 1242 819 1291 7
884 1234 936 1303 gast
1047 1227 1110 1290 halig
1174 1227 1241 1276 sede

131 1297 192 1381 (1.)
217 1295 392 1360 Benedicat
415 1315 469 1358 vos
495 1293 593 1357 Pater
615 1302 648 1356 et
672 1291 772 1355 Frhus
795 1301 828 1356 et
854 1291 992 1376 Sprntus
1016 1290 1161 1367 Sanctus,
1186 1292 1241 1376 qui
1330 1363 1335 1370 ,

81 1400 172 1448 ὔτίἱαίἀ
221 1400 241 1447 is
281 1415 312 1446 on
376 1399 410 1446 tal
498 1411 514 1460 7
579 1411 594 1443 a
649 1411 679 1443 on
744 1411 811 1442 nome

81 1464 188 1527 trinus
210 1461 313 1528 estin
336 1482 468 1526 numero
491 1469 524 1524 et
546 1481 629 1522 unus
651 1457 685 1522 in
707 1459 843 1533 nomine,
866 1478 924 1542 per
945 1457 987 1521 D'

230 1595 347 1658 gibloedsa
410 1593 481 1641 driht'
561 1591 607 1640 aas
686 1592 770 1655 givngo
780 1607 850 1640 menn
956 1607 1003 1640 svae
1031 1591 1240 1654 ovgibloedsates

131 1660 190 1744 (2.)
215 1658 365 1734 Benedic‚
382 1656 529 1733 Domine,
547 1655 626 1720 istos
641 1655 928 1730 adhulescentulos,
945 1655 1027 1718 sicut
1049 1656 1239 1722 benedixisti

116 1763 184 1812 Tobi'
249 1777 265 1824 7
332 1761 383 1809 Sar’
463 1759 546 1806 dohter
609 1757 695 1820 raguel'
776 1761 823 1806 sva}
879 1757 1006 1820 gibloedsia
1052 1759 1195 1821 gimoedrma
1205 1759 1239 1809 ov

83 1826 223 1890 Tobiam
243 1834 276 1889 et
300 1825 426 1888 Sarram
451 1822 549 1886 filiam
574 1819 743 1906 Raguelis3
772 1820 818 1885 ita
850 1820 1038 1884 benedicere
1067 1822 1215 1906 dignene,

127 1929 198 1977 driht'
254 1930 299 1989 {tte
325 1929 351 1975 in
409 1942 477 1975 nome
534 1924 592 1972 tint
632 1924 730 1972 hialifia
769 1939 785 1986 7
859 1923 944 1986 ginldia
1033 1925 1237 2004 7hiagim0njg.

83 1992 233 2068 Domine,
260 2003 296 2056 ut
321 1991 354 2055 in
380 1989 507 2054 nomine
538 1999 594 2052 tuo
628 1988 734 2051 vivent
763 1998 796 2051 et
822 1995 996 2063 senescant,
1024 2000 1057 2052 et
1085 1989 1238 2075 multiph-

82 2096 156 2143 faldia
228 2112 257 2142 on
338 2095 405 2156 lenge
518 2093 607 2154 (lagana

83 2167 205 2234 centur,
228 2159 262 2221 in
284 2156 482 2242 longitudine
505 2155 636 2218 dierum.

245 2295 357 2356 soeppend
406 2307 422 2355 7
503 2290 603 2338 haldend
700 2290 826 2336 mennisces
882 2306 969 2352 cynnes
1027 2293 1113 2340 sellend
1156 2296 1206 2356 gefe

138 2359 196 2443 (3.)
231 2359 363 2423 Creator
395 2365 428 2420 et
458 2363 657 2418 conservator
693 2351 824 2416 humani
858 2355 992 2437 generis,
1016 2354 1107 2419 dator
1137 2358 1238 2440 gratie

110 2463 214 2525 gastlioes
278 2477 329 2508 eces
409 2458 454 2520 god
513 2455 547 2504 dv
579 2454 638 2503 lterh
651 2457 707 2503 send
787 2462 839 2516 gast
962 2456 1024 2519 holig
1136 2462 1238 2508 rnnmod

84 2525 242 2611 spiritalis,
259 2534 378 2588 aeterne
393 2522 493 2597 Deus,
517 2529 554 2584 tu
573 2518 721 2604 permitte
739 2518 892 2602 Spiritum
918 2519 1069 2584 Sanctum
1094 2521 1238 2586 Paracle-

197 2629 231 2676 οἷ’
277 2624 458 2675 ῒὶἰοειιεῖὔίεεῖ
506 2623 573 2685 hring

84 2702 153 2756 tum
176 2713 272 2777 super
323 2689 409 2753 hunc
463 2687 625 2762 annulum,
649 2706 707 2769 per

245 2825 345 2872 'bloedsa
440 2819 511 2868 driht'
607 2820 669 2882 leger
760 2819 800 2868 tis
865 2836 882 2884 7
946 2823 990 2870 alle
1087 2817 1179 2888 byendo

129 2888 188 2973 (4.)
225 2841 374 2962 Denedic,
407 2883 555 2959 Domine,
585 2882 703 2947 lectum
732 2882 830 2947 istum
859 2895 893 2949 et
921 2907 1029 2950 omnes
1059 2887 1237 2955 habitantes

82 3010 112 3040 on
136 2993 185 3040 him
204 2994 248 3053 tte
274 2993 307 3038 sie
334 2991 359 3037 in
378 2987 442 3036 llaem
473 2986 580 3049 halignis'
635 3000 652 3048 7
701 2986 804 3034 claenuis'
853 3003 869 3050 7
903 2989 1017 3051 hilpitnis’
1050 3006 1066 3054 7
1092 2992 1225 3042 fvllnis...

81 3057 115 3119 in
138 3078 186 3132 eo,
210 3065 247 3119 ut
269 3053 365 3120 sitin
388 3051 434 3117 eis
457 3049 607 3114 sanctitas
630 3057 663 3112 et
684 3049 821 3126 castitas,
846 3060 879 3115 et
901 3050 1023 3129 lenitas,
1041 3064 1073 3117 et
1088 3055 1174 3139 pleni

256 3189 277 3231 ἥ
454 3184 475 3226 ἓ
654 3183 674 3224 ἢ
851 3186 872 3227 ἔ
1049 3189 1070 3230 *

354 3291 375 3332 ἦ
554 3288 575 3330 ἦ
752 3286 773 3328 *
949 3288 970 3329 ἣ

296 3451 300 3458 ’
387 3448 510 3512 Auctor
525 3445 636 3511 salutis
651 3445 774 3522 unicus,

290 3619 297 3627 -
345 3574 463 3640 Mundi
477 3574 659 3659 redemptor
672 3573 810 3650 inclitus,

344 3702 409 3779 Tu,
428 3701 564 3777 Christe,
581 3699 672 3765 nohis
687 3722 801 3776 annue,

343 3828 457 3895 Crucis
472 3827 627 3892 fecundae
639 3825 680 3912 (l)
698 3827 839 3913 gloriam.

387 4011 442 4075 Tu
457 4017 559 4096 sputa,
576 4007 735 4094 colaphos,
751 4009 887 4085 vincula,

345 4139 389 4204 Et
403 4137 472 4202 dira
486 4157 598 4222 passus
614 4136 751 4214 verbera,

343 4267 480 4331 Crucem
494 4263 602 4329 volens
617 4261 814 4340 ascenderas,

345 4393 482 4458 Nostrae
499 4390 610 4458 salutis
625 4389 734 4475 gratia.
