2986 5074
636 511 871 556 ANGLMAXON
895 509 1028 554 RITUAL·

554 775 588 822 eu
636 788 747 834 somnvng
758 771 823 820 crido
852 768 878 820 in
953 767 1006 818 baed
1016 768 1069 828 daeg

516 857 614 923 [ITEM
647 855 814 900 COLLECTA
850 853 887 896 IN
920 849 1113 896 EPIPHANIA.

404 993 457 1044 God
489 992 566 1071 droa
614 988 787 1116 longsuunegi
862 989 964 1066 ancende
1066 986 1110 1036 ain
1178 987 1254 1063 cyrini
1318 991 1406 1032 stearre

295 1059 355 1143 (1.)
380 1059 560 1142 Deus,qu1
589 1055 741 1120 hodierna
789 1063 1019 1138 euuigenrtum
1034 1059 1125 1115 tuum
1140 1052 1289 1135 gentibus
1312 1047 1406 1128 stella
1474 1121 1475 1150 ,

266 1163 345 1210 lntvan
378 1161 517 1208 acdeeradcs
565 1159 639 1221 f'geaf
715 1157 861 1205 rvmmodlice
913 1157 957 1216 fite
990 1153 1064 1202 tvae
1101 1154 1139 1216 gie
1182 1152 1226 1202 lieo
1274 1153 1308 1200 of'
1349 1150 1406 1198 lv'fa

250 1226 366 1290 ducere
388 1223 509 1299 velasti,
533 1221 670 1286 concede
708 1218 876 1306 propitius,
918 1227 964 1294 ut,
1002 1217 1058 1302 qui
1091 1217 1157 1302 jam
1196 1226 1228 1280 te
1270 1237 1309 1280 ex
1340 1214 1405 1277 fide

283 1334 423 1391 peongeton
498 1325 562 1385 ollii
612 1331 636 1371 to
712 1324 873 1385 ymbsoeap'ge
969 1321 1078 1382 megplite
1117 1319 1186 1368 dines
1251 1318 1347 1366 heannis

251 1391 464 1475 cognovimus,
481 1409 583 1472 usque
605 1386 646 1452 ad
661 1383 936 1469 contemplandam
957 1383 1096 1468 speciem
1118 1392 1184 1448 tuae
1207 1379 1406 1448 celsitudinis

252 1509 282 1558 pe
294 1495 327 1540 sie
338 1492 472 1540 derhlreded
488 1489 549 1538 terh

253 1556 472 1642 perducamur,
496 1569 553 1639 per
575 1551 712 1616 eundem

412 1689 465 1738 God
551 1687 668 1735 inlihtend
770 1684 819 1732 alre
915 1697 992 1746 cynno
1059 1683 1093 1732 sel
1140 1683 1222 1732 iolcum
1254 1681 1312 1730 lsini
1351 1697 1390 1730 ece

299 1755 358 1840 (2.)
383 1753 483 1828 Deus,
499 1750 704 1814 inluminator
723 1746 863 1811 omnium
877 1747 1030 1831 gentium,
1053 1747 1095 1810 da
1108 1746 1235 1832 populis
1250 1747 1313 1810 tuis
1335 1766 1409 1830 per-

376 1857 440 1904 sibbe
504 1853 591 1915 gifeage
640 1867 656 1914 Ἰ
707 1853 726 1910 ὓ
801 1849 851 1897 leht
932 1850 1040 1898 scinende
1140 1849 1247 1908 indael·
1289 1849 1368 1897 heart'r‘

255 1929 353 2006 petua
367 1940 445 2004 pace
467 1916 615 2002 gaudere,
631 1925 663 1978 et
679 1912 758 1980 illud
773 1912 881 1976 lumen
896 1913 1097 1997 splendidum
1112 1912 1244 1976 infunde
1259 1912 1408 1976 cordibus

271 2038 336 2071 vsvm
422 2022 467 2080 itte
514 2017 572 2066 lires
603 2015 782 2078 ivngelcraeftigo
838 2014 907 2063 lienc'
988 2015 1126 2080 diableape

255 2083 383 2160 nostris,
401 2082 485 2168 quod
501 2080 597 2144 trium
614 2079 785 2163 Magorum
799 2078 959 2142 mentibus
980 2079 1135 2164 aspirasti,
1158 2102 1216 2166 per
1230 2079 1338 2144 Deum

423 2216 477 2265 (iod
559 2214 612 2262 liaes
701 2215 803 2262 anoende
890 2213 916 2264 in
951 2215 1126 2264 vnstondenisse
1191 2232 1244 2264 vses
1300 2214 1409 2263 lichomes

302 2281 361 2367 (3.)
395 2280 496 2355 Deus,
535 2279 627 2362 cujus
663 2277 846 2362 unigenitus
882 2277 917 2343 in
953 2279 1130 2344 substantia
1165 2288 1272 2345 nostre
1306 2277 1409 2342 carnis

282 2383 396 2446 aedeapde
484 2381 554 2443 gionn
652 2382 774 2444 pebiddas
828 2383 872 2442 lite
904 2380 964 2428 seth
1020 2379 1076 2430 hine
1157 2380 1220 2430 done
1307 2382 1359 2443 gilio

257 2445 413 2534 apparuit,
456 2455 583 2530 praesta,
617 2465 799 2530 quesumus,
836 2453 873 2508 ut
905 2465 963 2530 per
1009 2465 1092 2522 eum,
1142 2466 1238 2531 quem
1274 2443 1409 2508 similem

291 2566 317 2597 vs
398 2554 438 2595 vta
520 2555 659 2624 peonpeton
697 2546 817 2596 innabor'd
850 2547 1003 2611 §tepeseeft
1013 2546 1097 2596 nivado
1126 2547 1282 2610 pogicamigo
1326 2546 1392 2596 sede

257 2611 349 2676 nobis
379 2609 453 2674 ioris
490 2631 683 2695 agnovrmus,
713 2610 801 2675 intus
884 2610 1047 2675 reformari
1108 2631 1293 2687 mereamur,
1332 2609 1387 2696 qui

258 2713 303 2762 lieo
313 2713 363 2762 mis

258 2787 364 2842 tecum

453 2904 527 2958 num’
672 2925 711 2958 ece
830 2907 883 2956 God
918 2907 1050 3034 pileuffvha
1081 2909 1211 2958 berhtnisse
1274 2911 1338 2960 savia

277 2941 286 2950 .
306 2973 366 3058 (4.)
385 2972 595 3057 Omnipotens
606 2971 796 3056 sempiterne
806 2971 905 3048 Deus,
962 2971 1058 3036 elium
1068 2973 1217 3057 splendor
1228 2974 1412 3049 animarum,

258 3075 356 3137 livide]
373 3076 417 3124 llas
497 3074 636 3137 symbbeltid
710 3074 873 3137 gicorenscipes
929 3091 1005 3137 cynno
1063 3075 1193 3124 frvmcendo
1222 3075 1416 3140 dvgihaelgedest

276 3140 332 3226 qui
350 3140 432 3204 hanc
443 3137 697 3223 solempnitatem
712 3137 874 3202 electionis
896 3138 1039 3222 gentium
1055 3139 1201 3224 primitiis
1215 3141 1413 3214 consecrasti,

288 3243 332 3305 fyll
394 3242 558 3304 middsngeard
601 3241 683 3304 pvldor
741 3239 786 3288 tin
852 3257 869 3304 Ἰ
918 3241 1061 3289 vndersiodo
1104 3242 1137 3291 lie
1207 3244 1289 3290 folcvm
1352 3241 1412 3290 seth

262 3305 360 3391 imple
400 3305 553 3368 mundum
593 3303 694 3387 gloria
731 3312 795 3379 tua,
846 3314 879 3366 et
920 3305 1054 3369 subditis
1094 3305 1153 3370 tibi
1189 3305 1316 3393 populis
1337 3327 1414 3390 per

295 3408 370 3455 lehtes
401 3405 471 3454 liines
494 3407 594 3454 sedesve
637 3403 797 3464 liberhtnisse
1209 3395 1211 3402 ’

264 3467 393 3534 luminis
415 3468 464 3533 tui
485 3489 603 3554 appare
625 3467 810 3545 claritatem,
834 3489 892 3554 per

444 3602 509 3651 Gilef
653 3603 716 3652 sllm'
851 3605 903 3654 God
954 3607 1000 3666 sse
1042 3606 1158 3670 helpendc
1230 3607 1275 3658 sin
1344 3607 1399 3671 nipe

313 3667 372 3751 (5.)
399 3665 555 3742 Concede,
588 3666 788 3751 omnipotens
823 3667 923 3744 Deus,
958 3679 995 3733 ut
1036 3670 1172 3734 salutare
1206 3678 1298 3734 tuum
1335 3692 1417 3734 nova

305 3769 389 3818 hesim
459 3767 522 3816 lehte
562 3770 691 3844 prpdvrlic'
771 3771 791 3830 ll
860 3779 884 3818 to
965 3772 1024 3820 haelo
1072 3773 1229 3834 middang'des
1301 3771 1369 3838 eceli

267 3832 419 3899 coelorum
451 3830 524 3894 luce
550 3831 701 3908 mirabili,
734 3833 819 3916 quod
850 3834 890 3897 ad
923 3834 1057 3899 salutem
1101 3835 1212 3898 mundi
1266 3836 1418 3902 hodierna

291 3935 425 3997 symbelnis’
483 3933 591 3983 solicvom
656 3951 721 3983 vsvm
784 3936 857 3997 symle
911 3935 936 3984 in
968 3938 1094 4000 nipvngvm
1153 3937 1257 3986 hecrtvm
1289 3940 1407 3988 sicarisen

267 3997 439 4061 festivitate
459 3997 621 4082 processit,
637 3997 753 4062 nostris
768 4019 892 4085 semper
906 3998 940 4062 in
954 4001 1106 4065 novandis
1129 4001 1275 4066 cordibus
1290 4003 1417 4079 oriatur,

268 4099 329 4148 aeth
411 4115 413 4118 ’

269 4183 326 4248 per
337 4159 444 4225 Deum

399 4297 438 4348 Sel
490 4313 517 4345 ve
615 4295 705 4356 pebid'
791 4295 870 4343 Driht'
917 4297 1063 4346 meodomlice
1118 4299 1221 4364 'memiga
1253 4302 1407 4366 dreglagiryne

314 4363 373 4448 (6.)
391 4362 444 4426 Da
452 4360 551 4437 nobis,
566 4379 747 4446 quesumus,
761 4358 909 4436 Domine,
940 4360 1035 4446 digne
1070 4315 1228 4428 celebrare
1243 4364 1419 4430 misterium
