3040 5074
465 528 700 574 uncto-saxon
724 529 857 572 airuii.
1168 482 1264 575 109=l

118 791 307 843 amorium
330 790 476 836 mcertis
498 790 564 833 Pax
587 790 724 848 DOMINI,
744 791 834 836 DICIT
856 790 1057 835 ORATIONEM
1080 792 1190 838 isram.

52 944 55 950 ·
257 924 347 987 gimilsa
443 923 514 972 driht'
675 925 749 973 hoeni
907 940 972 973 vsi-m
1032 938 1049 988 Ἰ
1102 924 1210 972 scttniss?

122 989 184 1073 (1.)
210 987 396 1073 Propitiare‚
412 986 560 1064 Domine,
580 986 865 1074 supplicationibus
885 987 1010 1064 nostris,
1027 997 1060 1052 et
1079 986 1235 1053 institutis

71 1092 137 1141 δίιιῐ
196 1091 259 1141 llam
373 1090 515 1152 spraedvngl
596 1091 724 1139 mennisces
765 1107 852 1154 cynnes
879 1090 1072 1156 giendebredades
1095 1091 1224 1140 velrimlioe

72 1155 152 1232 tuis,
177 1155 292 1242 quibus
314 1153 575 1240 propagationem
596 1153 727 1218 humani
749 1153 875 1238 generis
896 1154 1058 1232 ordinasti,
1074 1154 1245 1239 benignus.

73 1260 184 1308 tostond
224 1262 269 1321 §te
319 1261 339 1319 lt
396 1255 441 1306 dec
457 1257 602 1321 frvmpyrhte
626 1256 669 1307 bit
680 1257 771 1320 afoegid
794 1257 839 1307 Sec
861 1258 1026 1307 fvltvmmende
1043 1258 1186 1324 sicalialden

74 1323 206 1401 adsiste,
228 1334 264 1389 ut
286 1325 381 1408 quod,
405 1329 437 1385 te
459 1331 597 1399 auctore,
617 1320 774 1406 jungitur,
797 1330 830 1386 te
852 1321 1025 1387 auxiliante
1048 1331 1198 1386 servetur.

551 1555 764 1601 nsnnnicriO.

212 1669 272 1796 Iped
309 1668 397 1748 ’διδιι
445 1671 530 1720 maehte
594 1687 695 1748 magnes
726 1671 796 1720 tinea
812 1672 838 1720 of
873 1672 944 1749 nolite
1014 1672 1058 1720 alle
1123 1672 1229 1750 porlitest

128 1733 188 1815 (1.)
246 1751 312 1810 eus,
337 1755 392 1820 qm
414 1743 572 1820 potestate
587 1744 714 1800 virtutis
729 1745 795 1800 tuae
810 1735 850 1799 de
864 1735 965 1799 nihilo
987 1742 1102 1799 cuncta
1122 1735 1235 1812 fecisti,

79 1834 157 1884 δνδο
188 1836 307 1886 f'saetnvm
426 1839 484 1887 alles
628 1839 701 1887 trimi
789 1854 859 1888 inenn
919 1846 944 1886 to
1000 1836 1120 1900 gilicnesse
1151 1840 1238 1902 goddes

81 1899 139 1984 qui
164 1899 324 1986 dispositis
351 1899 565 1968 universitatis
591 1901 738 1978 exordiis,
765 1901 886 1966 homini
910 1901 951 1966 ad
976 1900 1146 1986 imaginem
1172 1902 1236 1967 Dei
1284 1953 1286 1957 .

79 2004 195 2144 gippcrpg:
221 2003 305 2132 fidili
331 2006 541 2155 idnsdvpdarlridli'de
577 2007 720 2134 miilieesris
756 2006 949 2154 adjfiittdniium
987 2021 1165 2146 coiiffiodiesti,
1192 2008 1238 2134 iii

114 2155 190 2218 villici
278 2171 359 2240 licome
431 2173 457 2220 ol
486 2188 567 2236 poetes
582 2171 715 2222 Sisaldest
747 2173 844 2222 lichomc
935 2173 1008 2221 simi
1136 2173 1222 2222 laarend

81 2231 220 2298 femineo
260 2237 384 2322 corpori
423 2236 464 2300 de
501 2236 561 2300 viri
606 2236 697 2302 dares
747 2258 840 2301 carne
881 2235 1083 2322 principium,
1121 2236 1238 2302 docens

115 2338 136 2397 lt
192 2337 219 2384 of
254 2341 299 2386 an?
358 2341 472 2389 'cioemde
489 2337 754 2404 §peierassended(?)
786 2340 859 2390 naelra
933 2340 1045 2388 ‘daet‘ende
1064 2339 1125 2402 doegi
1151 2341 1240 2403 gifoega

84 2400 170 2484 quod
186 2423 226 2465 ex
241 2423 342 2488 unop
375 2403 493 2469 cuisset
563 2403 689 2468 institui
736 2356 1036 2489 numquamliceret
1057 2402 1125 2466 dies
1136 2404 1239 2488 jungi.

110 2505 155 2566 god
210 2502 288 2554 διδο
304 2507 392 2556 sroeloe
432 2507 557 2570 syndirlic?
638 2507 729 2555 herniae
804 2505 980 2570 gis....scipla
1105 2504 1224 2568 gealtrvng

84 2567 184 2643 Deus,
224 2568 279 2654 qui
311 2579 377 2634 tam
414 2569 583 2636 excellenti
621 2569 763 2634 misterio
793 2568 1000 2653 conligaveris
1018 2566 1060 2653 (ἲ)
1092 2569 1239 2654 copulam

98 2671 259 2734 gihaelgadeit·
313 2674 359 2734 itte
434 2671 497 2722 ¹crist'
596 2689 678 2723 ...cea
770 2673 908 2735 claengiryne
979 2670 1145 2732 f'esegnadest
1215 2669 1241 2717 in

83 2735 284 2814 consecrasti,
319 2745 357 2800 ut
398 2737 518 2802 Christi
576 2736 712 2802 ecclesie
754 2735 942 2801 sacrificium
968 2733 1167 2822 presignares
1206 2731 1241 2797 in

111 2839 177 2887 sibbe
262 2840 401 2903 gimvngana
492 2841 538 2904 god
594 2839 656 2889 terli
699 2839 762 2888 tone
845 2840 882 2888 vif
942 2838 985 2889 bia
997 2838 1097 2902 gifoegid
1117 2851 1240 2900 poete]

83 2901 211 2966 foedere
240 2903 432 2987 nuptiarum,
463 2905 564 2980 Deus,
591 2926 650 2990 per
679 2926 774 2990 quein
803 2902 918 2967 mulier
943 2901 1090 2988 jungitur
1118 2899 1185 2964 viro
1207 2908 1242 2964 et

82 3005 220 3068 giloegnisae
300 3007 407 3055 aldorlice
481 3009 664 3071 giendebredado
684 3006 718 3056 aa
788 3007 927 3083 bloedsvnge
1020 3002 1122 3052 saldbiss
1183 3001 1217 3051 lta

84 3069 219 3134 societas
253 3069 470 3155 principaliter
506 3071 651 3136 ordinata
684 3092 723 3135 ea
751 3070 972 3134 benedictione
1001 3068 1146 3144 donatur,
1177 3088 1242 3167 qug

94 3189 140 3220 aria
180 3189 254 3222 ncaec
280 3173 340 3222 lterli
372 3175 550 3224 endebiedlices'
599 3190 673 3238 synna
737 3174 825 3236 pinvng
864 3188 937 3220 neaec
962 3170 1021 3219 ltcrh
1064 3170 1149 3218 floedes

84 3236 153 3302 sola
188 3258 248 3302 uec
284 3259 342 3322 per
377 3237 538 3324 originalis
575 3237 698 3323 peccati
727 3259 851 3323 penam,
883 3256 943 3299 nec
966 3256 1022 3321 per
1052 3233 1162 3297 diluvii
1192 3246 1242 3298 est

83 3341 206 3403 giiivinsiie
249 3341 367 3390 ondsvaere
431 3343 465 3390 eft
474 3342 535 3390 bisih
599 3341 713 3390 mildelice
794 3340 829 3388 ol'
894 3337 939 3386 itas
1014 3333 1107 3394 dicens
1169 3335 1214 3384 δίιι

95 3403 202 3468 ablata
230 3405 395 3481 sententia,
417 3405 561 3490 perspice
583 3405 740 3491 propitius
760 3425 855 3489 super
881 3403 963 3467 hanc
982 3401 1133 3467 famulam
1154 3411 1242 3465 tuam

101 3507 136 3556 δα
161 3508 316 3571 vemsgimane
347 3508 482 3572 gifoege...
532 3509 553 3556 is
601 3509 726 3572 togihlytto
773 3507 817 3556 ain
844 3507 884 3556 liia
924 3504 994 3570 girat
1076 3505 1195 3554 scildnisse

85 3594 149 3657 que
169 3571 307 3636 maritali
330 3571 495 3658 jungenda
518 3582 568 3638 est
582 3573 750 3650 consortio,
766 3582 825 3637 tua
845 3593 880 3636 se
902 3569 1024 3657 expetit
1046 3569 1242 3655 protectione

86 3675 306 3738 tuaeffluymedo
338 3676 371 3724 sie
415 3675 440 3723 iri
475 3673 527 3724 ltcer
579 3690 634 3738 poce
737 3676 796 3724 lifes
901 3689 918 3735 ἰ
968 3674 1044 3722 sibbes
1099 3673 1168 3735 'tripa
1216 3687 1234 3737 Ἰ

128 3738 263 3814 muniri;
337 3739 379 3804 sit
411 3738 445 3802 in
480 3760 519 3804 ea
544 3739 659 3824 jugum
688 3737 865 3828 dilectionis
895 3745 929 3800 et
954 3736 1052 3821 pacis,
1099 3735 1178 3799 delis
1209 3747 1243 3802 et

84 3843 191 3906 hygdego
216 3842 333 3905 gimvngia
368 3843 393 3890 iii
457 3841 525 3891 criste
599 3841 815 3904 ausiegi'liccdac
863 3840 995 3902 lialgapara
1075 3837 1207 3901 derhpvnia

96 3917 184 3971 casta
223 3907 324 3970 nubat
362 3905 396 3970 in
434 3905 572 3982 Christo,
603 3905 814 3990 imitatiisque
840 3910 1020 3967 sanctarum
1060 3911 1244 3987 permaneat

127 4010 246 4058 vifmoiina
321 4009 354 4058 sie
419 4009 503 4058 lufsiim
554 4025 602 4057 svm
651 4008 700 4056 rah'
776 4023 829 4056 vere
894 4012 984 4053 snottor
1015 4020 1063 4052 svae
1126 4006 1200 4054 rebec'

84 4074 290 4152 feminarum3
317 4072 359 4137 sit
388 4072 531 4138 amabilis
560 4081 597 4136 ut
625 4071 747 4137 Rachel
768 4071 845 4147 viro,
876 4068 1003 4155 sapiens
1025 4079 1062 4132 ut
1085 4067 1242 4148 Rebecca,

107 4177 200 4240 longlif'
249 4191 266 4240 7
307 4177 415 4240 gilecffvll
436 4193 482 4226 svae
532 4179 576 4224 aar'
651 4175 709 4223 noht
751 4175 777 4222 in
804 4173 856 4223 dier
888 4173 914 4220 of
967 4172 1051 4219 dedvm
1090 4172 1165 4221 sinim
1197 4174 1227 4222 he

83 4241 220 4325 longeva
248 4248 281 4304 et
309 4240 411 4305 fidelis
441 4251 478 4304 ut
510 4240 616 4316 Sarra3
646 4237 727 4302 nihil
755 4238 789 4301 in
819 4259 857 4302 ea
886 4258 926 4302 ex
955 4236 1079 4300 actibus
1101 4236 1167 4301 suis
1188 4237 1243 4303 ille

83 4344 231 4407 srvmpyrhta
296 4341 456 4420 gyiltincgff)
562 4343 653 4405 gispilla
705 4342 802 4405 gicnyht
825 4342 903 4390 tolvfc
968 4340 1076 4389 bibodvm
1092 4357 1126 4390 aec
1185 4340 1245 4390 lterh

114 4419 208 4474 autor
251 4406 509 4492 prevaricationis
539 4415 680 4491 usurpet,
711 4429 794 4471 nexa
823 4405 898 4470 fidei
927 4403 1146 4490 mandatisque
1172 4427 1244 4490 per-
