3040 5074
487 537 720 582 ANGLO·SAXON
743 537 876 581 RITUAL·

581 766 787 809 surrruoun.

150 872 211 956 (l.)
237 869 354 934 Audivi
368 891 477 935 vocem
489 870 529 936 de
545 871 625 936 coelo
640 871 807 948 dicentem,
825 869 918 935 Beati
932 869 1057 934 mortui.

151 996 211 1078 (2.)
237 995 276 1058 In
290 995 441 1060 memoria
456 1004 576 1061 aetema
587 994 648 1060 erit
658 995 774 1080 justus,
787 996 827 1059 ob
837 993 945 1059 audita
955 993 1037 1059 mala
1049 1015 1112 1057 non
1125 993 1259 1071 timebit,

103 1119 246 1202 pretiosa
260 1134 309 1188 est
324 1124 357 1187 in
373 1135 544 1210 conspeetu
560 1125 691 1190 Domini
705 1147 790 1190 mors
805 1135 984 1190 sanctorum
999 1126 1077 1212 ejus.

152 1248 212 1333 (3.)
239 1250 388 1316 Redimet
404 1251 561 1316 Dominus
576 1251 696 1316 animas
713 1270 874 1314 servorum
890 1269 1027 1324 suorum,
1044 1257 1077 1313 et
1091 1270 1155 1314 non
1170 1250 1260 1315 dero·

104 1372 239 1460 linquet.

424 1506 657 1550 rtunrmosuru
680 1503 944 1550 nuruucroaun.

618 1614 752 1658 onarro.

154 1701 214 1785 (1.)
240 1681 406 1782 Fidelium,
418 1704 519 1782 Deus,
536 1703 676 1769 omnium
688 1704 831 1769 eonditor
843 1713 876 1768 et
895 1703 1084 1788 redemptor,
1097 1705 1261 1772 animabus

106 1827 296 1893 famulorum
321 1831 573 1920 famularumque
597 1847 721 1899 tuarum
737 1832 935 1898 remisionem
952 1844 1138 1898 cunctorum
1159 1836 1262 1902 tribue
1352 1866 1356 1874 ·

107 1968 310 2039 peccatorum
326 1967 363 2022 ut
377 1958 605 2046 indulgentiam
623 1981 717 2044 quam
736 1979 861 2043 semper
882 1967 1072 2043 optaverunt
1087 1960 1148 2046 piis
1163 1961 1262 2047 supli-

107 2081 285 2148 cationibus
301 2093 543 2171 consequantur,
560 2105 616 2169 per

211 2264 248 2306 ru
271 2263 379 2308 noem
402 2261 528 2304 nourur
552 2261 594 2303 ar
617 2260 653 2303 ru
676 2261 849 2310 sneunurn
873 2260 979 2305 uocas
1002 2263 1160 2307 oaurrun.

155 2370 214 2453 (1.)
250 2368 372 2444 Lauda,
407 2368 513 2432 anima
543 2390 623 2433 mea.
685 2369 842 2454 Requiem
876 2379 1037 2433 aeternam.
1096 2371 1261 2434 Justorum

107 2506 215 2561 autem
231 2496 345 2561 animae
358 2496 392 2559 in
407 2518 504 2560 manu
527 2496 657 2560 Domini
673 2506 757 2573 sunt,
781 2505 815 2560 et
829 2517 892 2559 non
908 2505 1017 2580 tanget
1032 2495 1113 2560 illos.
1149 2498 1262 2564 Gloria

109 2635 144 2690 et
159 2625 286 2690 honore.

619 2728 752 2772 oanrro.

155 2839 214 2923 (1.)
238 2838 380 2915 Animas,
397 2858 571 2924 precamus,
593 2856 672 2920 quas
683 2832 805 2910 creasti,
816 2831 963 2908 Domine,
977 2831 1137 2917 suscipere
1148 2833 1262 2918 jubeas

106 2968 141 3032 in
156 2988 289 3052 regnum
305 2979 406 3044 tunm,
422 2965 502 3030 etin
517 2963 589 3028 sinu
602 2961 732 3072 Abrahp
747 2960 901 3024 collocare
916 2959 1021 3035 facias,
1037 2968 1152 3023 etcum
1167 2961 1261 3024 beato

109 3096 232 3160 Lazaro
248 3095 424 3181 portionem
439 3090 604 3176 accipiant
650 3087 850 3152 Exultabunt
864 3085 974 3151 sancti.

412 3270 489 3313 anm
512 3267 636 3312 ounrro
659 3267 703 3309 nn
726 3265 956 3310 monrruoumu.

623 3378 756 3422 orrarro.

156 3476 216 3564 (1.)
240 3479 341 3552 Deus,
369 3474 433 3538 vita
457 3470 639 3546 viventium,
670 3491 743 3554 spes
766 3465 979 3542 morientium,
1005 3463 1095 3528 'salus
1124 3462 1264 3526 omnium

109 3607 196 3670 inte
220 3602 424 3689 sperantium,
451 3608 567 3684 presta,
595 3596 744 3672 Domine,
771 3593 938 3679 propitius,
963 3601 1000 3656 ut
1025 3590 1140 3655 animae
1165 3591 1265 3653 famu·

110 3734 212 3798 lorum
245 3729 499 3811 famularumque
537 3734 663 3788 tuarum
701 3745 720 3786 a
756 3721 848 3784 noxis
879 3725 1037 3799 [nostrae]
1066 3716 1266 3782 mortalitatis

110 3857 249 3925 tenebris
265 3855 411 3961 absolute
424 3852 458 3914 in
473 3859 628 3935 perpetua
644 3869 716 3912 cum
732 3845 849 3911 sanctis
865 3845 929 3910 tuis
944 3845 1015 3910 luce
1030 3843 1189 3918 laetentur,
1206 3861 1264 3926 per
1281 3861 1291 3878 ·

489 4019 566 4061 arun
589 4015 712 4061 onnrro
735 4015 779 4057 nn
802 3996 895 4057 morr'.

624 4125 758 4170 onemo.

155 4226 215 4311 (1.)
242 4224 424 4289 Ascendant
453 4220 493 4284 ad
519 4228 560 4294 te,
585 4215 732 4291 Domine,
756 4233 866 4298 preces
889 4220 1021 4286 nostras,
1044 4203 1267 4273 intercedenti-

109 4356 171 4418 bus
203 4351 348 4416 omnibus
382 4346 500 4412 sanctis
530 4341 708 4429 agminibus
737 4337 930 4424 angelorum,
963 4345 999 4400 ut
1028 4335 1133 4438 animp
1169 4333 1268 4396 famu-
