3040 5074
512 461 746 556 assub-saxon
770 515 903 559 urruns.
1216 502 1276 564 129

167 640 227 724 (3.)
256 641 381 708 Sanctis
395 643 673 728 intercedentibus,
693 652 830 731 Christe,
843 663 969 719 tuorum
991 652 1110 730 electis,
1127 675 1279 722 succurre

119 765 211 831 nobis
226 767 426 856 omnipotens
441 771 608 839 Dominus.

364 1028 368 1034 ’
480 1016 682 1062 ΒΕΝΕΒΙΟΤΙΟ
705 1019 765 1063 LAC
788 1018 808 1086 7
833 1019 912 1063 Mun.

164 1169 226 1254 (1.)
259 1169 409 1247 Benedic,
434 1172 581 1252 Domine,
609 1185 642 1240 et
667 1176 724 1241 has
748 1186 908 1242 creaturas
932 1175 1029 1241 fontis
1059 1183 1092 1241 et
1116 1175 1207 1241 lactis
1237 1185 1270 1240 et

115 1295 230 1380 mellis,
259 1305 293 1361 et
317 1307 392 1382 pota
417 1297 553 1366 famulos
579 1311 651 1367 tuos
678 1301 717 1368 de
740 1304 811 1380 hoc·
827 1303 916 1386 fonte
942 1322 1090 1390 perenne,
1107 1301 1192 1386 quod
1222 1309 1271 1366 est

117 1419 248 1506 spiritus
270 1423 421 1500 veritatis,
447 1435 480 1490 et
505 1428 609 1492 enutri
635 1451 690 1494 eos
716 1429 756 1494 de
786 1430 847 1494 hoc
871 1428 1014 1493 melleet
1038 1427 1129 1492 lactc.
1153 1431 1192 1511 ›1‹
1216 1427 1271 1492 Tu

115 1547 210 1625 enim,
227 1549 375 1627 Domine,
391 1572 449 1636 pro
470 1552 572 1615 crucis
588 1561 653 1615 tuae
677 1543 804 1637 quinos
818 1551 980 1617 redemisti
995 1552 1188 1636 portavimus
1203 1563 1269 1618 tam

113 1672 148 1738 in
171 1674 272 1740 fronte
289 1699 382 1763 qnam
393 1681 432 1761 ›1‹
443 1678 477 1742 in
492 1678 586 1743 corde
605 1687 714 1743 contra
737 1678 870 1744 astutias
893 1677 1013 1742 inimici
1028 1677 1179 1742 vexillum
1195 1678 1268 1745 fidei

10 1783 12 1794 Α
113 1809 147 1864 et
176 1801 317 1868 veritatis
346 1805 386 1868 ad
415 1815 555 1870 nostram
576 1804 719 1882 salutem,
748 1803 824 1890 quia
848 1803 989 1889 proinde,
1018 1803 1166 1880 Domine,
1190 1826 1265 1891 sup-

113 1924 216 1991 liciter
240 1937 272 1992 te
302 1949 451 2014 rogamus
475 1929 600 2016 signum
613 1934 652 2013 ›1‹
667 1939 787 1995 sanctae
801 1929 913 2008 ,crucis
937 1937 1003 1993 tuae
1029 1939 1062 1994 et
1089 1929 1214 2015 signum
1227 1934 1266 2014 ›1‹

112 2052 289 2119 sanctitatis
304 2063 379 2120 tuae.
427 2055 609 2141 Signumffl
622 2057 686 2122 Dei
702 2056 773 2122 vivi.
814 2055 1269 2141 Signumfflaeternaesalutis.

113 2177 248 2263 Signum
263 2184 302 2264 »1⁴
324 2181 429 2246 beatae
458 2181 635 2248 Trinitatis.
697 2182 830 2268 Signum
861 2185 900 2266 ›1‹
925 2181 1038 2268 gloriae
1077 2181 1263 2248 coelestium.

112 2304 247 2391 Signum
259 2311 298 2390 ›1‹
316 2289 487 2374 Salvatoris
510 2309 629 2374 domini
649 2309 749 2374 nostri
770 2309 849 2374 Jesu
864 2307 994 2374 Christi.
1041 2311 1181 2393 Cruxffl
1198 2311 1270 2376 Sal-s

108 2432 225 2497 vatoris
241 2432 361 2500 Christi
372 2435 621 2522 patriarcharum
632 2439 679 2518 »1«.
704 2436 792 2500 Crux
806 2438 844 2516 ›1‹
855 2433 1089 2519 prophetarum.
1126 2436 1213 2500 Crux
1225 2440 1264 2521 ›1‹

110 2560 334 2644 apostolorum.
367 2563 695 2646 Cruxfflmartyrum.
724 2557 1097 2644 Cruxfflconfessorum.
1126 2560 1214 2624 Crux
1227 2565 1268 2644 ›1‹

110 2685 312 2786 colossiarum
328 2689 400 2754 Dei,
446 2689 535 2754 Crux
549 2693 587 2771 ›1‹
600 2687 816 2752 universorum
841 2683 1038 2751 credentium
1067 2683 1100 2748 in
1123 2696 1267 2752 sanctam

109 2811 300 2880 Trinitatem
312 2836 349 2880 ac
363 2814 543 2900 perlectam.
569 2814 632 2890 Tu,
645 2812 793 2889 Domine,
806 2833 840 2876 es
852 2810 907 2898 qui
918 2811 974 2876 das
984 2810 1113 2888 animas,
1129 2812 1169 2876 da
1180 2813 1263 2878 salu-

109 2947 182 3003 tem.
229 2939 292 3005 Per
307 2941 433 3026 signum
446 2945 485 3026 ›1‹
500 2939 603 3005 crucis
618 2949 693 3016 tuae,
717 2938 802 3003 utin
817 2937 894 3002 locis
909 2959 947 3002 ac
961 2937 1106 3003 domibus
1121 2938 1262 3004 fidelium

108 3063 163 3128 ubi
179 3085 256 3130 crux
274 3070 313 3150 ›1‹
327 3067 389 3132 ista
403 3076 588 3153 permaneat
609 3067 760 3151 fugantur
777 3064 936 3142 demones,
958 3075 993 3129 et
1012 3065 1180 3130 inmundos
1200 3067 1266 3152 spi-

108 3190 189 3256 ritus
211 3213 249 3257 ac
277 3193 454 3279 pestiferos,
484 3194 625 3280 expellet
654 3191 797 3257 inimicos
832 3192 1033 3278 morbosque,
1069 3202 1197 3258 careant
1229 3204 1262 3258 et

106 3315 251 3381 inmundi
277 3317 407 3405 spiritus
430 3318 561 3386 adversa
584 3326 741 3404 potestate
766 3315 952 3402 cognatione
975 3325 1041 3382 tuae
1061 3318 1205 3403 depulsae
1227 3329 1261 3384 et

107 3441 224 3507 virtute
248 3443 475 3508 benedictionis
501 3455 566 3509 tuae
593 3444 643 3511 sit.
690 3413 920 3555 Benedictpffl
935 3442 1131 3509 sanctificata
1156 3445 1260 3532 adque

107 3569 260 3635 mundata
275 3578 311 3634 ut
325 3569 359 3634 in
375 3592 574 3656 quocumque
601 3570 670 3636 loco
693 3569 758 3634 fixa
781 3577 907 3632 maneat
933 3577 967 3633 et
991 3568 1025 3632 in
1047 3568 1174 3635 nomine
1204 3579 1260 3635 tuo

106 3716 217 3761 omnes
232 3718 330 3761 vanos
344 3705 479 3762 terrores
491 3720 548 3763 seu
562 3696 751 3762 meridianos
766 3695 870 3781 adque
882 3704 1062 3772 nocturnos,
1083 3695 1260 3790 animarum

105 3843 234 3887 suarum
252 3832 286 3888 et
305 3845 472 3910 corporum
488 3833 521 3889 et
536 3824 652 3909 pignus
678 3820 853 3908 spelndoris
877 3842 914 3885 ac
940 3832 1069 3886 aeternae
1084 3820 1261 3886 dulcedinis

105 3947 350 4032 promissionum
376 3957 502 4014 tuarum
528 3947 619 4012 mitte
645 3949 679 4011 in
702 3969 756 4023 ea3
783 3946 921 4032 petimus
948 3947 1096 4032 spiritum
1117 3956 1260 4012 sanctum

105 4082 198 4138 tuum
214 4073 425 4153 Paracletum,
442 4075 498 4162 qui
513 4084 546 4140 et
561 4074 632 4140 illos
649 4073 704 4160 qui
718 4073 778 4137 bric
790 4072 986 4156 gustaverint
1000 4073 1168 4138 dulcedine
1183 4072 1262 4137 cari-

105 4199 181 4266 tatis
198 4209 265 4267 tuae
279 4201 410 4270 fervoris
426 4202 587 4280 accendat,
606 4211 639 4268 et
653 4200 741 4267 albor
760 4197 937 4264 sanctitatis
948 4199 982 4263 in
996 4198 1152 4264 munditia
1166 4221 1262 4286 super

1115 4343 1130 4387 s
