3040 5074
508 551 742 596 suono-saxos
766 552 898 597 urruns.
1204 539 1264 600 153

104 689 197 774 regni
219 690 346 788 cplestis
370 691 490 756 animas
510 691 631 776 ligandi
657 702 753 778 atque
773 693 913 758 solvendi
935 695 1151 780 pontificatum
1168 695 1264 760 tradi-

104 815 192 893 disti,
209 817 335 902 suscipe
352 817 507 903 propitius
530 839 640 903 preces
658 829 791 896 nostras,
809 841 993 906 quaesumus
1009 821 1157 899 Domine,
1172 821 1260 886 auxi-

106 941 196 1020 lium,
212 952 250 1007 ut
264 966 284 1008 a
296 955 499 1030 peccatorum
513 954 692 1010 nostrorum
709 946 844 1012 nexibus
859 947 1037 1026 liberemur,
1055 970 1112 1033 per

582 1149 787 1195 ANTIPHONA·

156 1261 215 1346 (l.)
240 1261 386 1326 Andreas
402 1261 522 1327 Christi
531 1262 669 1328 famulus
685 1263 801 1348 dignus
817 1263 889 1327 Deo
898 1259 1076 1348 apostolus,
1093 1281 1263 1344 germanus

110 1386 200 1452 Petri
214 1395 248 1451 et
269 1386 302 1449 in
316 1386 462 1472 passione
485 1387 598 1452 socius.
644 1388 790 1455 Andreas
805 1409 879 1453 vero
894 1388 1027 1473 rogabat
1041 1386 1082 1450 ad
1096 1389 1260 1476 populum,

109 1535 151 1578 ne
166 1513 346 1600 inpedirent
360 1512 540 1599 passionem
556 1514 634 1599 ejus.

621 1723 755 1766 onlrro.

158 1835 217 1919 (1.)
244 1834 448 1920 Majestatem
464 1847 561 1912 tuam,
577 1836 726 1914 Domine,
742 1835 906 1920 supliciter
922 1854 1098 1908 exoramus,
1123 1840 1159 1894 ut
1181 1829 1265 1894 sicut

110 1959 252 2024 eclessiae
268 1970 333 2024 tuae
348 1961 459 2025 beatus
484 1961 629 2026 Andreas
654 1961 816 2049 apostolus
842 1972 917 2026 tuus
942 1959 1064 2025 exstitit
1085 1957 1265 2043 predicator

110 2097 146 2152 et
160 2096 273 2165 rector,
285 2087 332 2153 ita
345 2090 430 2177 apud
446 2099 478 2154 te
493 2090 535 2155 sit
550 2113 607 2176 pro
623 2090 714 2156 nobis
730 2099 903 2178 perpetuus
918 2089 1115 2164 intercessor,
1132 2106 1189 2169 per

576 2288 620 2330 sn
642 2268 806 2332 Arosrou’.

156 2403 216 2488 (l.)
241 2401 346 2466 Nimis
360 2399 505 2465 honorati
521 2411 596 2465 sunt
610 2400 703 2466 amici
718 2401 775 2476 tui,
792 2401 892 2478 Deus,
907 2399 1001 2464 nimis
1017 2398 1144 2463 confor'.

159 2529 218 2613 (2.)
243 2528 386 2594 Onrrro.
431 2527 531 2602 Deus,
549 2525 604 2611 qui
619 2548 676 2590 nos
691 2549 749 2612 per
770 2528 880 2592 beatos
902 2525 1061 2612 apostolos
1085 2523 1218 2587 Petrum
1232 2532 1265 2586 et

113 2652 252 2717 Paulum
268 2663 301 2717 et
317 2651 476 2716 Andream
491 2651 531 2716 ad
547 2651 759 2736 cognitionem
781 2652 829 2717 tui
843 2652 979 2717 nominis
994 2649 1099 2715 venire
1115 2649 1264 2725 tribuisti,

110 2779 260 2846 danobis
275 2801 384 2844 eorum
406 2778 537 2864 gloriam
553 2779 776 2864 sempiternam
792 2791 825 2846 et
840 2779 1032 2868 proficiendo
1047 2777 1215 2854 celebrare,
1233 2786 1266 2842 et

113 2908 304 2975 celebrando
319 2906 479 2992 proficere,
496 2928 553 2990 per

514 3110 558 3152 AD
581 3110 695 3156 OMNES
718 3109 867 3154 SANCPOS.

161 3225 221 3307 (l.)
246 3223 321 3287 Au’.
367 3221 509 3305 Corpora
524 3228 704 3286 sanctorum
725 3218 757 3282 in
781 3241 859 3305 pace
882 3217 999 3307 sepulti
1015 3228 1098 3296 sunt,
1115 3223 1149 3278 et
1163 3213 1270 3279 vivent

113 3342 243 3408 nomina
257 3363 366 3406 eorum
381 3339 414 3403 in
427 3351 580 3404 eternum.

149 3474 223 3555 ¹(2.)
247 3469 322 3532 Art’.
352 3547 354 3552 Ι
369 3468 484 3532 Sancte
501 3464 601 3530 Paule
616 3464 751 3550 apostoli
765 3463 944 3550 predicator
957 3464 1099 3530 veritatis
1114 3475 1148 3531 et
1159 3466 1269 3532 doctor

115 3589 277 3684 gentium,'
284 3593 444 3659 intercede
459 3615 517 3679 pro
531 3591 622 3660 nobis
638 3592 678 3658 ad
692 3592 878 3670 Dominum,
895 3592 996 3678 quite
1012 3593 1118 3680 elegit

161 3722 211 3785 V'.
234 3719 339 3784 Nimis
354 3718 499 3784 honorati
514 3729 589 3784 sunt
603 3718 696 3784 amici
712 3717 769 3796 tui,
785 3719 885 3795 Deus,
901 3718 1005 3784 nimis.

498 3921 542 3964 DE
565 3918 675 3964 PAULO
697 3917 875 3961 Arosrom.

164 4039 223 4124 (1.)
250 4037 392 4103 Onsrro.
438 4034 539 4110 Deus,
555 4032 646 4116 cujus
661 4029 897 4095 multitudinem
912 4028 1055 4113 gentium
1076 4029 1161 4093 beati
1179 4029 1271 4092 Pauli

118 4163 254 4252 apostoli
268 4161 483 4250 predicatione
498 4157 643 4234 docuisti,
670 4156 720 4233 da,
745 4176 938 4241 quaesumus,
961 4165 998 4219 ut
1021 4155 1113 4240 cujus
1128 4152 1273 4219 natalitia

117 4293 147 4372 [l
162 4290 362 4370 memoriam]
377 4288 519 4366 colimus,
535 4287 630 4373 hujus
645 4283 730 4371 apud
746 4294 778 4347 te
793 4279 967 4367 patrocinia
982 4279 1163 4355 sentiamus,
1182 4298 1240 4362 per

1125 4506 1149 4548 X
