3040 5074
448 507 705 568 'sucro-saxon
729 523 862 568 nrrunn.
1180 499 1274 572 101'l

78 661 242 725 siegimeodv'
276 666 321 724 {lte
385 663 427 714 talc
545 663 563 729 Π
644 666 745 714 ondredc
797 681 814 730 7
904 665 1030 729 gifyrhtiga
1144 679 1212 712 nome

81 725 247 810 dignetur,
284 737 321 792 ut
361 727 463 792 omnis
507 728 602 792 homo
643 728 754 794 timeat
792 738 826 794 et
863 735 1092 794 contremescat
1130 749 1246 794 nomen

117 827 182 891 halig
296 831 344 879 vld'
424 831 495 880 driht'
576 835 611 880 rs'
671 833 740 881 scite
771 833 825 881 liof'

81 901 233 956 sanctum
254 846 373 978 gloriae
393 894 525 960 Domini
543 895 653 973 nostri,
678 897 733 982 qui
754 895 832 960 vivit

242 1120 287 1162 AD
309 1119 452 1164 FURTUM
474 1121 727 1171 REQUIRENDUM
748 1121 950 1165 Bansntt'rlo
973 1120 1081 1171 AQUAE·

250 1278 322 1326 driht'
397 1275 452 1326 lrael'
527 1278 590 1326 crist'
649 1276 727 1326 bulte
742 1276 786 1326 ars
819 1278 899 1326 dosmo
948 1275 1046 1326 sobfaest
1095 1284 1173 1342 strong
1216 1296 1233 1344 7

133 1340 194 1425 (1.)
218 1340 356 1406 Domine
385 1340 465 1406 Jcsu
494 1341 631 1418 Christe,
663 1341 718 1426 qui
748 1363 783 1406 cs
808 1340 908 1426 judex
941 1340 1058 1426 justus,
1088 1341 1186 1406 fortis
1210 1353 1245 1409 et

109 1443 196 1507 ilyldig
261 1460 278 1509 7
321 1444 447 1507 monigfsld
511 1444 628 1493 milthenrt
699 1443 759 1492 berh
802 1443 865 1492 lions
955 1445 1062 1506 apurdon
1157 1446 1203 1494 alle

82 1507 220 1592 patiens,
252 1517 285 1572 et
313 1507 450 1572 multum
479 1507 665 1584 misericors,
700 1529 758 1593 per
787 1528 883 1593 quem
911 1506 995 1571 facta
1023 1515 1099 1571 sunt
1128 1508 1243 1587 omnia,

110 1612 158 1673 god
222 1611 312 1673 godans
408 1609 480 1658 dribt'
575 1610 692 1658 ricsandra
788 1609 856 1658 solis
920 1610 953 1658 l'c
1027 1609 1078 1672 vsig
1141 1628 1211 1661 menn

83 1673 178 1738 Deus
200 1673 341 1751 deorum,
357 1673 516 1737 Dominus
531 1671 769 1749 dominantium,
794 1672 849 1758 qui
870 1682 1000 1758 propter
1021 1693 1079 1736 nos
1100 1673 1243 1742 homines

91 1792 110 1840 Ἰ
194 1777 229 1826 f'a
347 1793 399 1826 vsra
511 1776 571 1824 baelo
644 1776 671 1824 oi
693 1777 784 1825 bearms
808 1775 881 1823 fador'
928 1775 1092 1840 ofdvnastigs
1152 1793 1169 1841 Ἰ
1209 1781 1236 1828 of

63 1850 118 1904 -et
148 1849 279 1927 propter
307 1851 448 1904 nostram
474 1839 610 1904 salutem
636 1839 676 1904 de
702 1838 775 1902 sinu
791 1837 896 1902 Patris
919 1837 1118 1918 descendisti,
1146 1852 1243 1908 etex

108 1947 168 1991 mar’
220 1943 327 1992 hehstald
392 1943 453 1992 ilresc
550 1943 618 1990 onfoa
713 1942 817 2018 gimeodi
860 1940 904 1990 aa
941 1957 955 2005 Ἰ
988 1940 1048 1990 berh
1096 1943 1201 2008 ilrovnge

84 2005 195 2071 Maria
213 2006 334 2092 virgine
360 2027 486 2070 carnem
512 2027 672 2070 assumere
695 2005 843 2090 drgnatus
865 2027 909 2082 es,
932 2015 964 2070 et
986 2027 1044 2090 per
1064 2009 1243 2092 passionem

101 2107 163 2157 tint
227 2109 344 2172 middmrg'
387 2125 418 2156 on
466 2109 520 2156 rods
579 2109 612 2156 eft
622 2109 736 2171 gelesdest
785 2123 802 2172 7
844 2113 869 2156 to
912 2107 1014 2157 bellvari
1063 2109 1227 2176 oldvncstige

82 2182 174 2237 tuam
203 2173 357 2236 mundum
387 2171 421 2234 in
451 2192 544 2236 cruce
572 2171 743 2248 redemisti,
774 2181 807 2236 et
836 2171 876 2235 ad
901 2170 1019 2236 inferos
1040 2171 1241 2254 descendisti,

90 2290 108 2338 7
187 2275 266 2324 diobvl
341 2275 367 2323 in
408 2273 523 2323 itiostwm
581 2273 725 2338 baytmesto
766 2275 921 2338 gisomnsdest
962 2290 979 2338 7
1037 2277 1082 2326 alle
1131 2277 1243 2330 soltfaesta

82 2349 118 2403 et
147 2338 308 2403 diabolum
332 2338 367 2402 in
392 2339 539 2402 tenebras
565 2338 737 2403 exteriores
762 2337 927 2422 colligasti,
952 2348 985 2403 ct
1008 2361 1117 2406 omnes
1136 2343 1241 2426 justos

82 2440 161 2490 &aba
188 2457 218 2489 on
228 2439 366 2504 bymiielici
414 2457 489 2504 synna
530 2440 693 2504 lieronstyds
736 2441 845 2504 gibalden
855 2441 926 2490 raesi
985 2443 1061 2490 micilo
1133 2447 1206 2494 maeht

95 2504 154 2590 qui
202 2503 347 2590 originali
390 2513 521 2590 peccato
554 2504 672 2568 ibidem
715 2504 939 2568 detinebantur
960 2525 1075 2589 magna
1099 2509 1242 2590 potentia

92 2607 179 2656 cliton
243 2607 386 2656 avulserat
430 2606 465 2656 bv
540 2607 611 2656 driht'
740 2609 828 2656 vebid'
930 2607 1024 2670 gisends
1063 2607 1242 2672 tvgimeodvm’

83 2671 201 2736 exinde
239 2671 390 2748 liberasti,
431 2679 478 2748 tu,
506 2670 654 2748 Domine,
694 2692 876 2756 quesumus,
913 2671 1040 2735 mittere
1080 2673 1219 2758 digneris

133 2783 186 2852 gast
292 2774 337 2822 bin
434 2774 498 2837 halig
573 2775 599 2822 of
660 2774 748 2823 hcm.
793 2775 887 2823 heofnes
913 2773 1001 2822 brofel
1049 2776 1085 2824 ol'
1180 2777 1226 2828 llas

86 2839 243 2924 Spiritum
271 2848 363 2902 tuum
385 2838 537 2902 Sanctum
566 2859 607 2902 ex
643 2859 767 2902 summa
806 2837 879 2904 coeli
918 2859 990 2903 arce
1024 2860 1121 2926 super
1159 2841 1241 2910 hanc

127 2942 217 3005 gistau
291 2949 374 2991 vaetres
412 2939 454 2988 tio
499 2941 535 2988 fro
575 2941 626 3004 fyr-s
701 2941 786 3004 givalla
865 2939 908 2989 bia
918 2942 997 3003 gisene
1029 2941 1097 2991 selle
1156 2946 1208 2995 reht

82 3015 262 3070 creaturam
291 3026 374 3092 aque
404 3024 469 3114 que
497 3005 538 3067 ab
565 3003 640 3089 igne
669 3003 844 3068 fervescere
870 3003 1003 3082 videtur,
1034 3005 1090 3092 qui
1119 3019 1242 3074 rectum

83 3110 147 3158 berb
186 3107 226 3157 hia
323 3109 376 3155 dom
489 3106 524 3154 of'
572 3105 656 3154 &iosus
719 3122 804 3154 monno
909 3123 976 3154 nome
1169 3112 1241 3173 &1⁰⁰⁸-

83 3195 145 3260 per
174 3193 244 3237 eam
270 3170 427 3256 judicium
457 3190 553 3255 super
575 3169 661 3234 hunc
685 3169 855 3245 hominem,
879 3170 1016 3246 nomine,
1039 3169 1139 3249 illum,
1156 3195 1241 3238 com-

82 3279 119 3325 tia
233 3289 250 3338 7
325 3275 419 3322 aedeava
474 3271 655 3321 ascalonita
671 3272 738 3320 liofas
778 3271 791 3320 l
845 3272 915 3320 ricsas
979 3274 1024 3336 god

83 3341 200 3425 probet
223 3359 260 3403 ac
285 3337 473 3413 manifestet,
544 3336 600 3422 qui
664 3335 743 3400 vivis
766 3345 800 3400 et
824 3344 938 3420 regnas
962 3337 1054 3401 Deus

222 3489 267 3538 tec
308 3489 403 3538 ‘driht'
466 3489 512 3552 god
576 3477 726 3537 elimodlio'l¹
765 3489 914 3538 -vebiddat
980 3489 1056 3540 sato
1077 3491 1103 3539 in
1151 3491 1219 3541 chan*

131 3550 191 3639 (2.)
216 3554 276 3630 Tc,
293 3553 431 3617 Domine
446 3553 546 3629 Deus,
570 3553 729 3639 supplices
751 3551 967 3640 deprecamur,
993 3555 1048 3640 qui
1073 3555 1106 3618 in
1130 3556 1243 3624 Charra

116 3658 171 3720 guli’
262 3656 288 3704 of
317 3663 388 3704 vactro
453 3656 496 3718 pin
554 3655 659 3718 porhte'st
698 3671 714 3720 7
756 3655 809 3705 bric
850 3658 952 3706 maehtas
1011 3656 1058 3706 sib'
1154 3661 1208 3708 mis’

86 3719 225 3786 Galilea‘e
251 3741 291 3784 ex
316 3741 400 3804 aqua
424 3717 533 3782 vinum
555 3719 666 3796 fecisti,
692 3729 724 3784 et
751 3729 815 3784 tres
842 3742 957 3805 pueros
982 3720 1102 3798 Sidrac,
1127 3721 1241 3800 Misac,

95 3841 114 3888 7
197 3824 260 3873 abdi'
364 3823 391 3870 of
452 3822 518 3869 osone
582 3822 645 3884 syres
693 3823 829 3871 biornendes
854 3825 1012 3872 vnascendado
1039 3825 1160 3887 gilmddert
1214 3841 1231 3890 7

85 3901 121 3952 et
150 3886 328 3971 Abednago
357 3885 398 3950 de
422 3884 544 3950 camino
568 3884 652 3969 ignis
687 3886 826 3950 ardentis
861 3885 998 3950 inlaesos
1020 3887 1178 3966 eduxisti,
1210 3899 1244 3954 et

147 3991 215 4052 Jbrif
315 3990 342 4037 of
386 3988 473 4037 leasvm
532 4003 606 4064 synna
702 3989 802 4036 ulesdest
882 3990 961 4038 blinds
997 3991 1104 4076 giboren'
1168 4007 1210 4054 ego

86 4057 267 4119 Susannam
306 4053 346 4117 de
389 4051 469 4117 falso
510 4051 640 4116 crimine
683 4050 833 4128 liberasti,
878 4073 972 4117 caeco
1015 4061 1091 4117 nato
1134 4054 1243 4120 oculos

96 4157 222 4220 vntyndist
333 4157 394 4204 lauri
451 4155 510 4204 from
574 4155 693 4217 byrgcnue
789 4155 911 4218 aposhtsst
976 4171 992 4220 7
1068 4164 1116 4206 stre
1170 4157 1233 4207 baem

85 4219 249 4305 aperuisti,
284 4219 444 4284 Lazarum
476 4240 497 4282 a
532 4228 737 4282 monumento
767 4218 936 4298 suscitasti,
966 4231 1000 4285 et
1065 4230 1133 4286 etro
1161 4244 1244 4287 mer-

86 4324 216 4372 drenccnde
250 4322 314 4370 hond
411 4321 523 4386 girahtest
574 4321 661 4385 sylas
688 4322 722 4372 eft
732 4319 830 4370 tvbisii
885 4339 960 4386 syrmo
1041 4329 1076 4374 rr'
1135 4343 1165 4374 ou
1192 4325 1245 4374 ὕει’

86 4385 176 4471 ge'nti
220 4407 348 4451 manum
377 4385 555 4473 porrexisti,
600 4408 641 4450 ne
684 4384 834 4472 respicias
860 4397 990 4473 peccata
1007 4398 1115 4456 nostra
1133 4389 1167 4453 in
1184 4389 1244 4456 bac
