3040 5074
251 496 311 556 156
619 513 853 558 suono-snxou
877 515 1010 558 ιιιιιιιι.

255 661 435 718 sanctorum
450 663 576 719 tuorum
592 653 666 719 sede
682 653 890 739 requiescant,
913 677 1051 742 moxque
1068 678 1108 722 ex
1124 657 1260 723 mortuis
1275 660 1411 724 resusci-

256 779 315 846 tati
331 780 516 866 placeantur
530 781 563 845 in
578 781 707 865 regione
722 780 872 846 vivorum.

299 903 349 967 V’.
372 902 542 970 Laetamini
557 905 590 969 in
605 905 755 971 Domino.

766 1108 899 1154 ORATIO.

304 1217 362 1302 (1.)
389 1218 512 1326 Proeto,
540 1239 722 1304 quesumus,
750 1221 898 1300 Domine,
916 1234 952 1290 ut
978 1225 1247 1292 intercedentibus
1274 1225 1414 1290 omnium

257 1343 386 1421 meritis,
403 1344 459 1429 qui
474 1366 527 1409 ore
543 1343 778 1429 continguimus
793 1369 874 1431 puro
889 1349 983 1414 eorde
998 1349 1170 1435 capiamur,
1187 1373 1244 1436 per

732 1551 939 1597 ANTIPHONA.

302 1666 361 1751 (1.)
385 1665 448 1730 Via
458 1664 618 1749 justorum
627 1675 714 1730 reeta
723 1665 808 1732 facta
821 1679 879 1744 est,
893 1677 927 1732 et
941 1666 1002 1732 iter
1014 1660 1172 1754 justornm
1197 1676 1415 1754 praeparatum

258 1800 315 1856 est.

301 1917 352 1980 V'.
376 1916 546 1983 Laetamini
561 1917 594 1982 in
610 1919 759 1984 Domino.

766 2099 900 2144 ORATIO.

285 2212 362 2294 (1.)
389 2210 577 2276 Sanctorum
601 2214 750 2299 suffragia
775 2215 989 2300 imploremus,
1009 2225 1046 2280 ut
1070 2213 1248 2290 aeunetis,
1262 2213 1410 2288 Domine,

257 2337 428 2400 liberemur
443 2337 580 2418 offensis,
596 2361 654 2425 per

719 2517 796 2560 amn
819 2516 951 2560 ORATIO.

765 2628 898 2671 ORATIO.

304 2739 363 2822 (1.)
388 2737 490 2802 Adest
477 2747 519 2814 to,
536 2738 683 2815 Domine,
707 2739 968 2824 suplicationibus
994 2738 1119 2816 nostris,
1143 2739 1270 2824 quasin
1287 2751 1409 2806 saneto-

257 2884 327 2925 rum
343 2871 469 2924 tuorum
484 2862 814 2926 commemorationem
828 2863 1007 2940 deferimus,
1023 2877 1059 2928 ut
1075 2865 1130 2950 qui
1146 2874 1263 2929 nostrae
1275 2866 1409 2949 justitiae

256 2989 404 3053 fiduciam
419 3009 483 3052 non
497 2989 649 3052 habemus
664 3010 774 3053 eorum
789 2989 844 3075 qui
860 2991 918 3055 tibi
940 2992 1128 3078 placuerunt
1142 2991 1263 3056 meritis
1279 2991 1407 3076 adjuve-

256 3137 335 3193 mur,
355 3140 412 3202 per

618 3319 661 3361 ΔΙ)
684 3320 842 3364 Mortnuos
865 3320 1044 3364 PLURIMOS.

303 3430 363 3515 (1.)
388 3431 496 3494 Dilexi
518 3433 677 3516 quoniam.
724 3434 776 3498 Ad
800 3435 976 3498 Dominum
998 3434 1109 3500 levavi.
1158 3438 1211 3502 De
1234 3439 1408 3524 profundis.

257 3555 440 3620 Confitebor
453 3556 494 3641 (Ρ)
520 3559 586 3634 tibi,
602 3558 774 3635 Domine,
766 3581 800 3622 ιιι
815 3568 882 3624 toto
897 3560 991 3625 corde
1007 3582 1088 3626 meo.
1134 3562 1369 3629 Exaudiet...

672 3762 787 3806 LECTIO
810 3763 937 3806 REDl..

301 3874 360 3958 (1.)
386 3875 429 3939 Et
416 3875 527 3940 tsiout
540 3875 574 3938 in
590 3875 693 3940 Adam
709 3898 818 3940 omnes
829 3875 1016 3952 moriuntur,
1032 3875 1078 3940 ita
1092 3885 1125 3940 et
1140 3875 1172 3939 in
1186 3877 1316 3942 Christo
1331 3881 1406 3945 Jesu

253 4023 362 4067 omnes
385 4001 591 4079 vivificantur,
619 4025 701 4067 unns
731 4003 815 4068 enim
846 4003 980 4088 quisque
1011 4003 1045 4066 in
1068 4003 1176 4068 ordine
1205 4025 1263 4068 suo
1293 4006 1408 4094 inquo

254 4137 346 4192 vocat
348 4150 385 4191 us
400 4137 457 4204 est,
474 4127 507 4190 in
522 4151 560 4192 eo
575 4139 766 4212 permaneat.

300 4254 349 4316 R'.
375 4254 532 4340 Requiem
559 4265 710 4319 aeternam
736 4255 818 4318 dona
848 4254 903 4331 eis,
932 4254 1078 4330 Domine,
1110 4267 1142 4318 et
1168 4254 1224 4318 lux
1252 4269 1409 4342 perpetua

254 4383 401 4448 luceat
375 4405 428 4448 ers.
