3040 5074
282 497 345 560 loo
662 513 898 560 monossxon
920 511 1054 557 nrrusr,

280 660 409 740 peracto
434 651 496 732 die,
519 653 578 719 tibi
592 653 757 739 supliciter
770 652 888 739 gratias
903 660 1034 737 egentes
1048 648 1145 714 etism
1159 646 1442 732 manedignsnter

281 776 431 863 respicias
445 789 519 844 vota
533 780 700 858 solventes,
712 801 771 865 per

324 903 374 968 V’.
397 901 505 968 Dicite
520 901 554 965 in
568 899 758 976 nationibus,
775 897 934 964 Dominus
948 906 1061 982 regnat
1075 895 1201 982 aligno.

779 1098 857 1142 sum
879 1077 943 1142 on’.

326 1243 386 1328 (1.)
411 1237 560 1306 Concedo
574 1235 673 1302 solem
684 1235 820 1322 justitiae
841 1257 1027 1322 permanere
1048 1235 1082 1302 in
1102 1235 1251 1302 cordibus
1265 1239 1388 1304 nostris
1402 1241 1440 1304 ad

281 1365 479 1456 repellendus
494 1365 640 1430 tenebras
655 1362 892 1448 cogitationum,
905 1385 963 1449 per

737 1563 816 1607 Ante
838 1563 972 1607 ORATIO·

328 1705 389 1790 (l.)
412 1700 605 1790 vespertina
632 1699 733 1766 oratio
758 1708 866 1764 nostro
894 1699 1045 1764 ascendat
1073 1699 1114 1764 sd
1139 1722 1232 1766 sures
1259 1702 1440 1769 clementino

283 1844 358 1910 tuae,
375 1832 513 1898 Domine
528 1840 645 1908 sancte,
664 1831 760 1895 Peter
779 1828 988 1914 omnipotens,
1011 1837 1133 1938 aeternc
1147 1832 1249 1910 Deus,
1268 1842 1304 1898 et
1318 1831 1441 1896 discen·

284 1960 339 2023 dot
367 1956 504 2043 glorioso
530 1953 698 2020 benedixio
717 1964 776 2019 tun
799 1975 895 2040 super
920 1977 987 2034 nos,
1013 1965 1050 2020 ut
1079 1955 1132 2023 hio
1157 1957 1190 2022 in
1212 1967 1384 2037 oeternum,
1411 1967 1439 2024 te

284 2085 468 2162 auxiliante,
485 2105 611 2170 semper
625 2083 728 2150 salvos
744 2105 814 2148 esse
828 2105 1014 2162 mereamur,
1030 2107 1089 2172 per

526 2268 658 2332 snmro’
680 2289 724 2331 nn
746 2287 891 2343 crucem,
914 2287 987 2333 cum
1009 2287 1189 2332 onnmonn.

330 2425 389 2511 (1.)
414 2424 593 2492 Adoramus
608 2434 650 2503 te,
667 2424 805 2504 Christe,
832 2424 1047 2492 benedicimus
1071 2424 1139 2504 tibi,
1162 2425 1219 2512 qui
1238 2446 1300 2514 per
1315 2444 1437 2490 crucem
1505 2461 1506 2511 ,

284 2563 373 2618 tunm
387 2551 548 2618 redemisti
562 2551 727 2616 mundmn.

329 2680 380 2744 V'.
411 2677 519 2743 Dicite
533 2676 568 2741 in
582 2675 773 2742 notionibus

658 2921 661 2930 ,
747 2877 826 2924 snm
848 2878 981 2924 onemo.

330 3011 391 3100 (1.)
425 3011 558 3090 Adesto,
582 3010 731 3090 Domine,
757 3013 850 3080 Deus
875 3022 992 3090 noster,
1022 3021 1056 3080 st
1085 3035 1166 3100 qnos
1195 3024 1309 3127 sancte
1339 3018 1438 3083 crucis

285 3141 395 3206 laetarc
420 3139 525 3206 fecisti
549 3140 678 3218 honore,
702 3162 758 3208 eos
783 3161 911 3228 quoquc
933 3141 1098 3227 perpetuis
1116 3142 1254 3219 defende
1278 3145 1436 3221 subsidiis

286 3291 345 3356 Per
1144 3315 1155 3336 ·
1503 3287 1504 3325 ¹

332 3395 391 3481 (Q.)
418 3393 481 3458 Por
495 3392 620 3482 signum
635 3391 738 3456 erucis
752 3390 792 3455 de
807 3389 943 3456 inimicis
957 3390 1074 3458 nostris
1088 3391 1271 3472 liberaum,
1287 3394 1436 3473 Domine,

286 3524 377 3590 Deus
392 3529 508 3586 noster.
552 3519 601 3582 V'.
629 3518 742 3584 Omnis
756 3527 841 3583 terra
854 3518 964 3583 adorat
978 3527 1020 3595 te,
1037 3519 1137 3598 Deus,
1153 3522 1268 3607 psallat
1282 3523 1354 3588 tibi.

333 3647 392 3733 (3.)
417 3644 490 3711 On’.
529 3642 699 3728 Perpetuo,
727 3664 909 3728 quesumus,
936 3641 1085 3722 Domine,
1113 3654 1170 3711 tua
1198 3670 1277 3734 pace
1305 3649 1435 3726 custodi,
1502 3607 1503 3680 i

287 3798 368 3864 quos
391 3781 501 3885 sancte
516 3769 619 3836 crucis
632 3767 742 3835 laetsrc
762 3768 867 3835 fecisti
888 3767 1017 3848 honore,
1040 3771 1110 3856 ejus
1133 3794 1261 3860 quoque
1276 3776 1437 3862 perpetuis

285 3899 420 3968 defende
435 3898 593 3976 subsidiis,
605 3918 664 3984 per

770 4073 873 4119 norun
895 4057 960 4119 sn’.

332 4218 392 4303 (1.)
417 4216 539 4283 Ocrux
565 4212 741 4291 benedicta,
765 4234 828 4298 que
852 4213 920 4279 sols
944 4213 1035 4280 fuisti
1056 4213 1155 4300 digno
1178 4223 1307 4301 portare
1333 4241 1435 4305 regem

286 4347 438 4414 coelorum
452 4351 486 4409 et
500 4331 683 4406 Dominum.
728 4339 843 4406 Omnis
858 4349 960 4407 terroe.
