2986 5074
656 517 891 563 ANGLO-SAXON
915 519 1047 564 meust.

353 767 477 812 ormo
501 767 566 810 PRO
591 767 889 815 RENUNTIAN'I'IBUS
919 770 1043 816 SECULO
1075 771 1118 814 ET
1148 771 1294 816 CENOBIO
1327 770 1369 814 SE

734 856 975 901 TRADENTIBUS·

608 991 696 1040 vetio·
840 992 903 1068 mm*
1026 993 1071 1054 god
1130 994 1175 1053 ote
1215 991 1267 1069 eigs
1345 1009 1405 1040 esne

321 1057 380 1141 (1.)
406 1055 528 1132 Prests,
560 1076 742 1140 quesumus,
774 1063 973 1140 omnipotens
1003 1054 1105 1131 Dens,
1134 1065 1171 1119 ut
1199 1055 1274 1120 hmc
1307 1056 1434 1120 famulo

274 1160 333 1210 tint
469 1158 536 1208 seito
576 1166 601 1206 to
699 1158 826 1206 ofrettenne
907 1159 1013 1222 givaldi
1076 1158 1168 1206 heufdes
1223 1159 1260 1207 his
1345 1159 1383 1206 s'e

272 1233 338 1300 tuo,
374 1222 438 1300 illo,
475 1222 531 1306 qui
570 1219 610 1285 ad
640 1220 860 1307 deponendam
899 1242 1021 1286 comam
1066 1221 1178 1306 capitis
1215 1221 1265 1286 sui
1294 1233 1434 1308 propter

314 1327 363 1375 lviv
471 1325 526 1372 crist
580 1324 676 1372 beornes
699 1321 752 1370 Sin'
802 1325 891 1372 oeiistia
955 1325 987 1372 rel
1067 1331 1119 1386 gost
1235 1324 1298 1388 harig
1369 1325 1435 1373 scite

275 1409 413 1454 amorem
440 1385 560 1453 Christi
604 1385 662 1449 filii
701 1385 749 1450 tui
779 1385 918 1464 festinat,
948 1386 990 1451 da
1017 1386 1171 1472 Spiritum
1188 1387 1345 1452 Sanctum
1378 1390 1432 1474 qui

272 1491 404 1540 onlicnisei
476 1489 605 1538 aefeustnis'
652 1503 682 1535 ou
742 1488 796 1536 hino
909 1505 948 1538 ece
1092 1490 1184 1552 gihnlde
1252 1491 1288 1538 fro
1329 1492 1416 1553 mid'g’

273 1555 416 1620 habitum
455 1549 617 1638 religionis
654 1550 688 1614 in
729 1572 803 1616 eum
842 1562 1033 1638 perpetuum
1055 1553 1221 1629 custodiat,
1258 1575 1279 1618 c
1314 1555 1433 1617 mundi

347 1658 436 1720 gilntto'
580 1654 730 1718 porvldlicsm
804 1655 863 1703 lvste
923 1655 1001 1704 heorte
1043 1656 1081 1704 his
1131 1656 1225 1718 giscilde
1274 1657 1320 1717 {tto
1368 1673 1417 1706 svae

272 1719 498 1806 impedimento
512 1716 564 1781 vel
589 1717 728 1812 seculari
752 1717 909 1782 desiderio
936 1740 990 1784 cor
1019 1719 1088 1803 ejus
1103 1719 1261 1795 defendat,
1282 1728 1321 1783 ut
1346 1719 1432 1784 sicut

271 1822 476 1885 sieymbvoended
492 1837 523 1868 on
548 1820 641 1868 onsione
678 1835 725 1869 svae
770 1819 834 1868 hond
910 1820 996 1870 svitrae
1035 1820 1111 1870 &inm
1144 1823 1169 1869 in
1211 1821 1266 1869 hine
1316 1836 1422 1884 maegnes

293 1886 469 1949 inmutetur
491 1883 524 1946 in
546 1883 647 1958 vultu,
680 1882 726 1947 ite
750 1904 863 1948 manus
889 1883 1019 1949 dextere
1048 1895 1103 1948 tue
1138 1884 1171 1947 in
1201 1906 1274 1948 eum
1299 1883 1430 1948 virtutis

287 1987 365 2050 giselle
415 1989 460 2046 ⁴tte
475 1986 534 2033 from
562 1984 618 2034 mici
682 1985 789 2033 blinnise'
856 1989 933 2034 menn'
1007 2003 1049 2050 ego
1130 1993 1218 2050 vntyne
1266 2001 1282 2049 Ἰ
1346 1987 1398 2034 leht

273 2051 401 2124 tribuat,
418 2057 456 2112 ut
481 2049 520 2112 sb
546 2047 632 2110 omni
649 2047 801 2114 caecitate
822 2048 960 2114 humana
979 2050 1087 2115 oculos
1110 2050 1232 2136 operiat
1257 2059 1291 2114 et
1314 2049 1426 2114 lumen

338 2150 439 2200 ecelicss'
510 2149 561 2214 gefe
660 2149 729 2214 f'gefe

277 2213 473 2280 aeternitatis
486 2211 598 2298 gratiae
613 2213 773 2290 concedat,
789 2235 847 2299 per
861 2215 903 2279 D’

591 2437 667 2480 nuru
689 2437 810 2482 connis
832 2438 907 2481 num
930 2438 1015 2485 nrcrs
1037 2423 1100 2484 su'.

320 2602 355 2652 iis
386 2600 431 2650 arii
497 2600 568 2648 driht'
616 2599 692 2648 &vite
724 2599 757 2648 eft
767 2600 832 2649 nives
882 2617 920 2649 me

313 2666 368 2729 Tu
390 2686 434 2742 es,
457 2663 606 2740 Domine,
629 2662 685 2748 qui
706 2663 854 2728 restitues
869 2664 955 2728 mihi.

316 2796 367 2858 V'.
389 2793 557 2870 Dominus,
572 2814 646 2878 pars
661 2801 693 2857 et
707 2792 815 2877 gloria.

538 2926 584 2976 &es
648 2927 714 2975 onfoe
778 2921 904 2990 bloedsvng

315 2991 403 3056 Imm
418 2993 482 3055 su’.
527 2991 593 3056 Hic
607 2989 742 3076 accipiet
755 2989 922 3055 benedicti.

545 3123 600 3172 &ios
649 3124 670 3172 is
712 3122 870 3172 tiocneoreso

315 3189 402 3252 Irnm
418 3191 482 3252 Δι’.
528 3187 620 3252 Haec
633 3196 683 3252 est
711 3187 881 3272 generatio.

393 3406 571 3458 POSTQUAM
592 3405 747 3450 TONSURA
770 3405 871 3449 FACTA
893 3404 951 3449 EST
973 3405 1140 3456 SEQUITUR
1162 3409 1295 3456 ORATIO·

431 3570 502 3632 gionn
582 3568 670 3617 vebid'
809 3568 874 3616 olim*
987 3570 1032 3632 god
1081 3572 1125 3630 fite
1198 3589 1252 3623 esne
1344 3576 1391 3626 cin
1476 3583 1477 3612 i

316 3632 375 3717 (1.)
401 3631 521 3708 Presoe,
539 3651 720 3715 quesumus,
744 3631 943 3716 omnipotens
958 3632 1058 3708 Deus,
1085 3643 1122 3698 ut
1150 3635 1304 3702 famulum
1319 3649 1420 3718 tuum,

286 3730 352 3784 &res
391 3742 416 3782 to
511 3734 595 3796 givaeld
634 3733 727 3781 henfdes
759 3733 795 3782 his
827 3735 861 3782 f'e
889 3735 1008 3797 godcvnde
1047 3735 1096 3783 lviv
1138 3739 1422 3806 vebidivoeofscyvfon

269 3797 397 3883 cujush
439 3797 469 3860 ie
485 3816 607 3860 comem
622 3796 735 3881 capitis
750 3797 800 3862 sui
813 3819 871 3883 pro
896 3797 1001 3861 divino
1020 3819 1126 3862 amore
1173 3801 1389 3890 deposuimus,

269 3903 314 3962 'fite
336 3917 366 3948 on
392 3898 451 3948 tint
528 3898 578 3946 lva
685 3899 756 3962 penio
847 3915 864 3964 7
897 3899 952 3949 hine
979 3901 1050 3948 bvtnn
1100 3904 1168 3951 vome
1208 3921 1239 3953 on
1337 3911 1421 3957 senisse

268 3975 306 4028 ut
333 3963 367 4026 in
390 3971 446 4026 tua
460 3961 627 4026 dilectione
639 3971 830 4050 permaneat,
844 3974 877 4030 ct
888 3985 961 4028 eum
982 3963 1050 4029 sine
1072 3965 1197 4031 macula
1210 3967 1244 4033 in
1255 3971 1421 4058 sempiter-

380 4065 459 4127 gihald
469 4062 504 4111 tv

267 4149 344 4192 num
360 4126 527 4193 custodias.
