2986 5074
458 513 688 561 ANGLMAXON
712 511 849 558 mussa

347 769 433 816 ITEM
455 769 616 816 cAPITULA
641 771 678 814 IN
701 771 816 814 CAPITE
838 767 982 815 JEJUNH·

238 910 283 959 bas
312 910 384 959 evoe&
457 911 528 958 dribt'
641 910 744 974 gicerreb
755 912 791 973 gie
866 918 891 958 to
928 926 964 958 me
997 911 1022 959 in
1054 909 1110 958 ollrc
1148 912 1229 960 hecrte·

126 974 186 1059 (1.)
211 973 295 1040 Haec
309 974 387 1040 dicit
406 973 573 1051 Dominus,
599 973 828 1039 Convertimini
853 973 894 1038 ad
917 995 969 1039 mc
994 973 1028 1038 in
1050 983 1117 1038 toto
1140 975 1234 1040 cordo

113 1077 163 1125 iero
217 1076 242 1125 in
274 1078 370 1126 feast'ne
419 1092 436 1140 7
470 1093 528 1139 vopc
568 1092 585 1140 7
634 1077 748 1125 hreamei
792 1092 809 1140 7
861 1076 950 1124 oleant
1004 1078 1085 1126 henrta
1147 1078 1210 1126 ivero

79 1151 196 1217 vestro,
212 1139 246 1203 in
257 1141 389 1226 jejunio,
413 1150 447 1205 et
460 1139 547 1218 fletu,
564 1149 597 1205 et
622 1140 771 1227 planctu3
788 1149 821 1206 et
836 1139 970 1207 scindite
993 1141 1088 1208 corda
1117 1150 1232 1220 vestra,
1266 1189 1268 1196 .

87 1259 105 1306 7
141 1259 173 1291 no
264 1245 337 1292 voedo
432 1245 482 1292 irro

80 1316 116 1371 et
129 1328 194 1370 non
208 1305 396 1372 vestimenta
407 1316 519 1372 vestra.

266 1441 371 1506 gicerrab
446 1450 471 1491 to
553 1441 624 1490 driht’
708 1443 753 1505 god
842 1441 893 1490 irre
950 1440 1020 1490 f'son
1074 1443 1163 1492 rtmod'
1207 1457 1227 1508 7

129 1507 188 1592 (2.)
201 1505 429 1572 Convertimini
441 1505 482 1570 ad
492 1505 667 1569 Dominum
673 1505 780 1570 Deum
791 1514 940 1582 vestrum,
951 1505 1027 1590 quia
1034 1506 1190 1591 benignus
1202 1517 1235 1572 et

115 1609 238 1657 mildheart
286 1609 307 1657 is
370 1609 478 1685 gibyldig
513 1607 681 1735 7monifddd'
762 1608 880 1656 milthcert
949 1622 972 1670 ‚7
1001 1610 1225 1673 vnnendii'gefend

82 1672 261 1736 misericors
273 1681 330 1749 est,
357 1682 481 1758 patrous
508 1681 541 1736 et
555 1693 611 1735 mu
624 1683 666 1736 tae
692 1669 928 1748 misericordiae,
945 1681 978 1734 et
1020 1674 1200 1758 prestabilis

124 1777 158 1823 οἷ’
188 1775 345 1839 yfelgiornisso

83 1859 181 1926 super
203 1837 332 1903 malitia.
428 1907 431 1912 ,

196 1971 359 2036 ceigiclioppa
382 1989 412 2021 ne
483 1973 542 2022 blin'
601 1971 683 2022 svaeloe
714 1974 782 2021 bema
814 1973 903 2036 upahef
945 1973 1019 2024 stefnc
1094 1971 1156 2028 tin.
1184 1971 1222 2041 '7

132 2036 191 2120 (3.)
221 2036 340 2113 Clama,
374 2057 415 2100 ne
445 2057 558 2113 cesses,
589 2036 680 2122 quasi
706 2038 784 2101 tuba
805 2037 910 2100 exalta
930 2059 1040 2102 vocem
1068 2047 1165 2117 tuam,
1196 2054 1230 2106 et

117 2139 196 2203 φημ’
276 2125 363 2188 nne
395 2139 457 2186 mins
494 2139 615 2200 herema
674 2139 738 2186 niara
802 2154 820 2202 Ἰ
876 2139 933 2187 ruse
993 2141 1075 2189 rasos
1136 2159 1214 2206 symm

83 2202 243 2268 annuncia
256 2202 375 2288 populo
389 2223 461 2266 meo
494 2203 614 2266 scelera
643 2223 761 2278 eorum,
792 2212 825 2266 et
850 2202 959 2266 domui
983 2204 1082 2269 Jacob
1106 2217 1238 2290 peccata

112 2307 178 2355 hiare
227 2306 294 2354 mehe
342 2304 411 2352 raon
461 2305 488 2351 of
521 2303 539 2368 [s
571 2321 601 2352 on
652 2303 670 2370 Π
751 2303 832 2352 εοεωδ
899 2321 916 2370 7
959 2307 1023 2369 gista
1063 2324 1131 2370 vegas
1163 2311 1228 2359 mino

83 2391 204 2446 eorum,
237 2391 289 2434 mc
319 2367 435 2433 etenim
450 2367 490 2432 de
504 2367 555 2432 die
570 2368 604 2431 in
619 2368 702 2432 diem
718 2375 876 2453 quaerunt,
892 2379 926 2434 et
951 2369 1032 2436 scire
1061 2371 1128 2438 vias
1149 2395 1237 2439 meas

101 2472 181 2522 vallas

83 2537 205 2602 volunt.

212 2669 263 2718 mit
275 2669 312 2734 sy
367 2668 503 2746 &regestas
542 2669 724 2746 baembvngrige
769 2639 846 2746 'savel
942 2669 987 2720 tin
1046 2686 1063 2735 7
1135 2675 1198 2738 sepe]
1246 2647 1248 2651 Ι

132 2733 191 2819 (4)
216 2735 300 2799 Cum
362 2733 510 2798 effudens
561 2733 714 2808 esurientr
743 2755 880 2796 ammam
909 2743 1007 2812 tuam,
1039 2744 1072 2800 et
1101 2737 1239 2810 animam

83 2853 347 2918 apoersedorasvoenc'
369 2851 502 2916 begisyiles
583 2852 659 2902 anses
693 2853 718 2900 in
753 2852 866 2901 diostrvm
906 2853 956 2902 lebt
986 2854 1030 2903 bin
1058 2869 1074 2919 7
1127 2856 1218 2907 diostro

130 2917 277 2982 afflictam
339 2917 521 3002 repleveris,
555 2916 674 2982 orietur
688 2916 721 2980 in
745 2915 884 3000 tenebris
904 2917 963 2980 lux
977 2927 1042 2995 tua,
1055 2924 1239 2989 ettenebrae

84 3020 145 3069 bino
177 3019 251 3068 bibon
270 3019 358 3068 svoeira
398 3018 478 3084 midff

85 3095 155 3149 tuae
176 3092 270 3148 erunt
284 3082 366 3147 sicut
380 3082 535 3146 meridies.

218 3221 293 3268 beono
322 3220 383 3268 neis
432 3218 563 3282 giscyrtcdo
605 3215 669 3265 hond
743 3218 815 3265 dn'ht'
862 3220 906 3279 boe
949 3217 1008 3266 haele
1073 3219 1162 3284 byliee
1172 3227 1243 3288 maegi

135 3284 195 3368 (5.)
211 3283 306 3360 Ecce,
318 3305 383 3346 non
394 3281 574 3372 adbreviata
584 3302 697 3372 manns
708 3280 849 3358 Domini,
865 3290 902 3345 ut
917 3281 1036 3347 salvaro
1073 3299 1229 3372 nequeat3

104 3403 179 3436 ncoec
257 3387 347 3449 hefigad
406 3386 427 3434 is
471 3401 523 3434 ecre
571 3383 609 3432 his
653 3386 697 3445 itte
729 3401 760 3432 no
828 3385 907 3448 gihere

86 3473 194 3538 neque
208 3402 378 3536 adgravata
391 3457 441 3514 est
455 3449 540 3514 auris
554 3448 633 3534 ejus,
660 3456 698 3512 ut
720 3470 784 3511 non
799 3448 957 3513 exaudiat.

401 3651 578 3702 INCIPIUNT
599 3653 761 3697 CAPITULA
782 3651 821 3696 IN
842 3645 933 3700 LXX’·

242 3794 328 3844 brodiro
383 3802 458 3842 nnton
473 3793 512 3856 gie
592 3794 614 3853 {t
653 3790 687 3840 ba
719 3791 797 3842 babo
818 3794 844 3840 in
866 3793 951 3856 spyrde
1006 3795 1089 3844 iomeb
1170 3795 1216 3847 ailo

138 3858 198 3946 (1.)
216 3860 353 3935 Fratres,
375 3879 415 3922 ne
431 3857 518 3922 scitis
547 3855 633 3940 quod
656 3855 698 3932 hi,
734 3855 789 3941 qui
810 3855 844 3919 in
859 3857 960 3921 stadio
975 3868 1115 3935 currunt,
1132 3882 1242 3928 omnes

123 3965 197 4028 puted
277 3960 359 4011 ior-nab
425 3961 455 4008 ab
519 3976 550 4008 an
625 3957 709 4006 onoat
781 3958 831 4006 bon
843 3959 878 4020 sig
952 3976 1001 4010 sure
1042 3961 1168 4026 iomabgie
1196 3967 1241 4026 boe

88 4027 219 4116 quidem
249 4033 390 4103 currunt,
416 4023 472 4088 sed
497 4044 580 4086 unus
604 4020 727 4108 accepit
751 4021 913 4099 brodium3
956 4023 1002 4090 sic
1043 4025 1168 4105 currite,
1196 4039 1234 4093 ut

140 4147 208 4194 ses
243 4145 273 4192 ss
328 4189 336 4204 ,

87 4216 207 4280 conpre
231 4191 363 4257 endatrs.

243 4323 330 4375 brotro
414 4325 456 4374 aelc
518 4324 582 4373 sebe
602 4324 627 4372 in
659 4325 740 4387 ersing
760 4322 947 4388 giffintrgites
964 4326 1000 4373 fro
1071 4327 1116 4377 all?
1181 4331 1236 4380 hinc

134 4391 194 4477 (2.)
214 4387 349 4468 Fratres,
374 4411 493 4467 omnes,
516 4388 572 4473 qui
593 4387 626 4452 in
646 4409 748 4474 agone
766 4388 937 4467 contendit,
960 4391 1000 4454 ab
1023 4391 1171 4457 omnibus
1191 4416 1226 4459 se
