2986 5074
447 502 685 549 tuoto-saxon
709 505 842 551 arruns.
1200 490 1218 554 7

70 645 143 696 dade
175 646 249 696 sodlio
279 643 333 696 ‘tto
398 648 472 712 syrmi
564 663 628 696 rsrm
655 646 896 696 vehrsonasvoencde
923 645 957 695 f’e
974 645 1059 696 “Sinos
1122 665 1190 697 nome

80 711 134 795 qui
166 711 254 795 juste
282 731 341 795 pro
370 709 510 794 peccatis
538 709 655 774 nostris
700 711 867 796 affligimur
908 731 966 796 pro
1002 711 1050 775 tui
1084 711 1221 778 nominis

80 815 160 876 pvldre
219 813 378 862 miltheartlice
460 813 616 861 vesiefrindo

71 877 169 961 gloria
182 876 427 942 misericorditer
448 875 627 942 liberemur.
664 942 677 960 ³

230 1010 275 1073 god
308 1008 385 1058 orde
417 1009 544 1072 gisempast
586 1008 656 1057 i'don
698 1007 725 1056 of
737 1025 844 1072 naengvm
895 1009 955 1057 vser'
1035 1009 1093 1058 dede
1194 1026 1222 1059 rs

114 1073 172 1158 (2.)
197 1073 297 1150 Deus,
320 1072 376 1157 qui
397 1072 562 1157 conspicis,
587 1072 662 1158 quia
695 1094 735 1136 ex
757 1071 846 1136 nulla
867 1082 985 1136 nostrae
1004 1073 1128 1138 actione
1148 1095 1223 1138 eon·

68 1175 196 1238 gitrivadon
273 1175 331 1238 giles
411 1175 533 1223 rimodlioe
566 1177 611 1236 pte
650 1173 694 1238 pro
744 1174 797 1238 pici
827 1175 926 1223 ordnis'o
987 1174 1033 1224 allo
1114 1177 1190 1239 lorpes

69 1239 211 1315 fidemus,
235 1237 372 1302 concede
391 1238 557 1323 propitius,
574 1245 736 1302 utcontra
778 1190 909 1304 adversa
952 1238 1058 1304 omnio
1072 1238 1221 1304 Doctoris

94 1340 201 1390 hredinra
260 1341 396 1389 'tcildniso
436 1341 509 1390 vssie
518 1341 647 1404 gtnymedo
1164 1327 1167 1332 Δ

71 1405 224 1470 Gentium
239 1404 435 1490 protectione
450 1405 638 1481 muniamur,
668 1425 732 1490 per

210 1539 290 1588 'beado
346 1555 400 1588 vsra
512 1538 597 1587 vebid'
678 1538 749 1586 driht'
840 1541 962 1589 rimodlios
1025 1541 1091 1603 giher
1138 1555 1206 1606 qaee

114 1604 172 1689 (3.)
186 1557 302 1668 disces
311 1613 444 1678 nostras,
456 1623 637 1687 quesumus,
649 1601 797 1678 Domine,
810 1601 981 1668 elementer
992 1603 1116 1681 exaudi,
1125 1616 1221 1690 atque

67 1705 102 1752 fro
185 1721 260 1769 synna
389 1704 465 1753 bend?
540 1705 687 1752 rnbrnden’o
739 1704 775 1751 (τὸ
824 1704 886 1752 selo?
935 1705 987 1768 vsig
1042 1705 1212 1768 pidirpordnis’

79 1790 98 1832 a
126 1779 330 1853 peccatorum
363 1765 498 1832 vinculis
531 1767 702 1843 absolutos,
740 1768 780 1830 ab
817 1767 902 1830 omni
939 1789 997 1832 nos
1033 1769 1223 1835 adversitate

99 1872 178 1933 gihald
226 1870 265 1919 ss
483 1917 485 1922 .

69 1934 201 2011 custodi,
217 1956 275 2020 per
289 1933 463 1998 Dominum

222 2065 268 2129 god
327 2057 404 2113 &vdie
436 2064 497 2114 terh
536 2065 729 2128 rnasacegendlic'
826 2065 955 2114 bihaldinso
1025 2067 1224 2132 hsigesgihrynes

114 2129 172 2214 (4.)
198 2129 298 2206 Deus,
337 2129 393 2214 qui
436 2151 494 2214 per
533 2129 724 2194 ineffabilem
765 2128 1000 2194 observantium
1036 2133 1223 2197 sacramenti

127 2232 205 2281 &sana
298 2225 368 2281 tinia
424 2232 564 2296 s'egearpsst
645 2233 701 2295 pille
815 2233 882 2295 geas?
929 2233 980 2296 gefe
1039 2233 1109 2282 sines
1137 2235 1217 2283 heartu

68 2291 258 2360 famulorum
273 2305 400 2360 tuorum
414 2317 575 2382 praeparas
588 2295 777 2371 voluntates,
793 2295 884 2360 donis
898 2297 1010 2380 gratiae
1040 2306 1105 2362 tuae
1129 2299 1225 2363 corda

96 2415 149 2447 rsra
211 2399 328 2461 giclaensig
361 2399 405 2458 pte
535 2399 609 2462 haelgo
642 2399 663 2446 is
750 2406 813 2446 oeste
905 2407 1049 2448 tosmeanne
1103 2401 1212 2463 smyltrm

68 2473 177 2526 nostra
201 2461 343 2546 purifico,
364 2470 401 2524 ut
422 2462 507 2548 quod
516 2472 626 2527 sancta
637 2472 686 2526 est
697 2461 864 2526 devotione
877 2464 1077 2528 tractandum
1092 2463 1223 2530 sinceris

99 2563 211 2612 dohtvm·
258 2563 370 2627 vekifylg
471 2563 511 2613 δι’

68 2628 228 2693 mentibus
243 2648 447 2712 exequamur,
462 2649 520 2712 per
535 2625 711 2691 Dominum

234 2761 300 2809 Gilef
404 2761 509 2824 pebidd'
640 2760 703 2809 sllm'
822 2763 868 2826 god
950 2761 1071 2811 tederniss’
1126 2763 1186 2810 rser'

114 2824 173 2910 (5.)
193 2824 351 2901 Concede,
375 2845 555 2908 quesumus,
577 2823 776 2909 omnipotens
796 2826 897 2903 Deus,
924 2824 1086 2911 fragilitati
1105 2837 1222 2889 nostroe

132 2929 250 2977 croemlic’
361 2925 485 2990 gidafende
571 2926 591 2987 dt
632 2926 669 2974 his
717 2928 886 2991 eftnirupn'ges
934 2929 1045 2992 tohigvng
1086 2943 1103 2991 7
1138 2929 1225 2975 aifaest'

69 2991 289 3055 sufficientiam
304 3000 546 3075 competentem,
561 2998 599 3052 ut
613 3011 681 3054 suae
695 2991 903 3075 reparationis
918 2991 1065 3056 affectum
1080 3000 1114 3056 et
1149 2990 1203 3075 pia
1223 3005 1225 3010 ·

115 3096 293 3158 lisbryegrng'
354 3095 449 3156 gileht'n
480 3112 483 3118 ·
522 3092 617 3158 *Jmiss
683 3095 828 3156 pynsvmnis'
848 3104 859 3142 '.
904 3095 1012 3142 'rnderfoe

69 3157 308 3223 conversatione
322 3168 494 3234 recenseat,
511 3167 631 3222 etcum
653 3156 849 3221 exultatione
871 3157 1031 3241 suscipiat,
1048 3177 1106 3240 per
1171 3177 1173 3182 ’

216 3293 279 3341 Afirr
311 3292 347 3340 fro
395 3307 423 3340 rs
471 3263 473 3268 Ι
514 3291 578 3338 driht
674 3291 778 3339 vebidd'
867 3291 1011 3339 rnrehtrisso
1076 3304 1128 3338 vsra
1179 3291 1224 3350 pte

115 3357 175 3441 (6.)
198 3357 299 3420 Aufer
321 3375 341 3419 a
362 3354 462 3431 nobis,
479 3353 625 3430 Domine,
644 3374 826 3439 quesumus,
841 3353 1024 3440 iniquitates
1039 3362 1171 3430 nostras,
1188 3361 1226 3416 ut

74 3467 98 3507 to
147 3461 216 3524 halgo
286 3458 394 3520 haelguna
458 3458 530 3505 elaenr
569 3457 720 3520 pegiearniga
785 3457 883 3506 &ohtrm
932 3459 1061 3520 inngeonga

68 3523 108 3586 ad
124 3531 429 3588 sanctasanctorum
447 3520 536 3607 puris
561 3541 736 3584 mereamur
758 3521 903 3586 sensibus
928 3520 1067 3596 introire,
1083 3541 1141 3606 per
1158 3518 1226 3584 Do-

70 3686 194 3754 minum
1129 3771 1132 3777 Δ

224 3821 269 3885 god
304 3820 381 3872 tete
406 3821 457 3884 vsig
472 3821 498 3869 in
513 3820 605 3869 minim
624 3819 768 3870 froeoelnissr
827 3821 930 3886 gisetedo
994 3828 1045 3869 vast
1079 3819 1194 3868 tedemise

116 3887 176 3970 (7.)
194 3887 295 3962 Deus,
321 3885 375 3971 qui
400 3907 458 3949 nos
469 3884 503 3948 in
514 3884 611 3949 tantis
623 3884 772 3969 periculis
784 3885 972 3950 constitutos
984 3884 1045 3947 scis
1056 3882 1226 3966 fragilitate

87 4003 118 4035 ne
175 3989 243 4050 maegi
301 3989 446 4038 vnderbeana
492 3988 525 4036 sel
590 4003 617 4035 vs
708 3987 768 4035 haelo
840 3985 926 4034 dohtes
982 3997 998 4049 '1
1050 3984 1158 4033 lichomes
1183 3987 1227 4046 {tte

71 4071 135 4114 non
158 4072 253 4136 posse
280 4052 461 4128 subsistere,
488 4051 530 4114 da
558 4049 649 4114 nobis
676 4049 810 4114 salutem
829 4049 945 4114 mentis
971 4069 1008 4113 ac
1024 4048 1173 4133 corporis,
1189 4057 1227 4112 ut

78 4151 112 4200 iis
145 4153 225 4202 svse
249 4155 282 4202 i'o
348 4157 424 4218 synd?
503 4155 544 4201 vs?
593 4151 751 4216 reginoligos
778 4152 823 4202 dec
855 4152 1017 4200 fvltemmenda
1066 4149 1206 4199 f'esrideve

72 4237 119 4292 ea,
144 4238 219 4302 quae
234 4239 293 4302 pro
313 4217 452 4303 peccatis
466 4215 583 4280 nostris
598 4215 745 4302 patimur,
776 4225 809 4281 te
849 4215 1027 4301 adjuvante,
1053 4213 1225 4290 vincamus,

75 4403 133 4466 per
148 4381 325 4446 Dominum
