3040 5074
674 487 907 533 ANGLMAXON
932 489 1064 533 RITUAL·

512 621 560 683 R’.
585 619 623 682 In
639 619 742 705 ymnis
757 629 789 684 et
804 620 1055 686 confessionibus
1071 623 1112 686 bii
1271 611 1289 680 .'

510 748 557 811 Ψ.
582 747 784 813 Ornaverunt
798 744 911 810 faciem
927 747 1038 832 templi

511 873 561 937 R'.
585 871 778 958 congregati
793 880 868 936 sunt
883 871 1002 938 inimici

509 998 558 1062 Ψ.
582 997 740 1083 Disperge
755 995 827 1060 illos
843 996 876 1060 in
891 995 1009 1062 virtute

511 1125 559 1189 R'.
583 1124 676 1188 Dixit
690 1123 790 1188 Judas
810 1123 932 1188 Simoni
946 1123 1036 1189 fratri

511 1251 559 1314 Ψ.
584 1251 628 1316 Et
641 1271 727 1314 nunc
742 1249 914 1315 clamemus
929 1249 963 1314 in
979 1249 1095 1315 coelum

512 1379 564 1441 R’.
589 1377 654 1442 Hic
669 1385 718 1441 est
731 1376 864 1440 fratrum
879 1385 1001 1442 amator

510 1504 561 1567 Ψ.
585 1503 669 1568 Ecce
685 1524 778 1587 quam
794 1503 912 1566 bonum
928 1511 961 1567 et
976 1525 1071 1589 quam

712 1723 766 1784 an’
785 1742 877 1786 ouon
901 1741 1015 1786 sueni.

511 1873 561 1936 Αἱ
585 1869 760 1955 Adsperiat
775 1868 934 1934 Dominus
949 1890 1003 1934 cor
1018 1879 1158 1935 vestrum

508 1998 557 2062 A’.
581 1998 634 2062 Da
648 2019 768 2083 pacem,
785 1994 933 2072 Domine,
949 1996 982 2060 in
997 1995 1110 2062 diebus
1126 2000 1245 2064 nostris

510 2125 560 2188 A’.
583 2123 658 2186 Tua
673 2132 722 2188 est
737 2123 888 2208 potentia,
905 2133 995 2186 tuum
1011 2145 1144 2208 regnum

510 2251 560 2314 A'.
586 2249 725 2314 Refulsit
740 2249 787 2314 sol
802 2250 835 2314 in
851 2249 992 2336 clippeos

510 2377 559 2440 A'.
583 2375 730 2460 Lugebat
746 2385 853 2440 autem
867 2377 887 2440 J
890 2376 982 2440 udam
998 2397 1095 2462 super

579 2595 662 2656 n’e'a
685 2613 728 2656 nn
750 2613 941 2658 mruonrnus
964 2615 1158 2660 nnonnnms.

512 2742 560 2804 R:
583 2740 659 2805 Vidi
674 2741 848 2806 Dominum
863 2743 1024 2807 sedentem
1040 2767 1135 2830 super
1150 2747 1267 2812 solium
1284 2773 1330 2816 ex

512 2869 561 2932 Ψ.
586 2867 751 2953 Seraphim
767 2870 871 2934 stabat
886 2890 982 2954 super
999 2893 1033 2935 ee

511 2993 560 3058 R’.
583 2992 711 3080 Aspice,
729 2993 876 3071 Domine,
892 2996 932 3060 de
948 2996 1022 3060 sede
1038 3008 1147 3062 sancta

509 3117 557 3180 Ψ.
581 3116 646 3192 Qui
662 3116 745 3202 regis
761 3118 871 3196 Israel,
888 3120 1017 3186 intende

513 3243 560 3306 R'.
585 3243 711 3328 Aspice,
728 3243 876 3320 Domine,
894 3246 968 3332 quia
983 3247 1067 3311 facta
1081 3257 1130 3312 est

509 3371 558 3434 Ψ.
582 3370 648 3445 Qui
663 3371 773 3435 dicunt
788 3371 948 3438 exinanite

512 3497 560 3560 R'.
586 3496 689 3580 Super
703 3519 810 3562 muros
824 3507 906 3576 tuos,
920 3499 1103 3564 Hirusalem

511 3622 558 3685 Ψ.
583 3622 649 3696 Qui
663 3623 865 3688 reminiscimi
876 3671 970 3689 .....

511 3805 560 3867 R'.
583 3803 682 3867 Muro
697 3813 753 3868 tuo
768 3804 953 3889 inexpugna

482 3951 486 3958 ·
509 3929 558 3992 Ψ.
582 3929 648 4003 Qui
663 3929 747 4012 regis
760 3928 868 4004 Israel,
884 3928 1013 3993 intende

512 4052 561 4115 R'.
586 4053 801 4118 Sustinuimus
816 4075 937 4138 pacem,
954 4064 987 4118 et
1001 4075 1065 4118 non

508 4177 556 4240 Ψ.
583 4178 786 4244 Peccavimus
802 4201 873 4244 cum
890 4180 1033 4264 patribus
1049 4179 1164 4244 nostris

511 4302 559 4364 R’.
586 4301 678 4367 Misit
693 4303 850 4367 Dominus
866 4304 1014 4388 angelum
1031 4325 1123 4368 suurn
