3040 5074
226 470 246 523 h
282 511 343 572 110
663 529 898 574 suanosnxon
921 529 1054 573 iusum.

279 667 350 731 pvnie
424 669 468 716 ani
483 666 668 734 hrydmen’ff)
693 669 809 732 gisoegedo
845 683 966 731 cunumgs
1003 667 1177 716 hamclaenlioo
1212 667 1283 731 gifliae
1322 671 1435 720 sfaestnia

278 739 404 796 maneat
418 732 475 796 uni
522 732 614 796 thoro
685 733 805 818 juncta,
818 741 982 798 contactus
994 731 1185 796 inlicitorum
1197 732 1299 819 fugat,
1315 735 1444 799 muniat

306 835 461 896 mtrymnisse
549 836 599 884 hire
663 852 752 898 maegue
817 835 961 884 henum...
1022 836 1054 883 sie
1120 836 1243 896 socomfvll,³
1337 838 1427 901 hefigi

279 897 495 964 infirmitatem
528 921 618 964 suam
654 901 767 964 robore
805 899 980 986 discipline,
1019 899 1061 963 sit
1097 900 1287 964 verecundia
1321 902 1441 986 gravis,
1496 971 1497 974 ,

278 1001 427 1063 hygdignisso
491 1001 594 1065 unpyrsso
715 1003 787 1050 lsrvm
876 1002 1002 1050 heofoulioi
1083 1003 1176 1066 gilaerod
1232 1004 1266 1052 sie
1314 1007 1419 1054 herenae
1496 1041 1497 1066 ,

293 1065 415 1149 pudore
454 1065 651 1143 venerabilis,
682 1065 833 1131 doctrinis
858 1066 1040 1130 caelestibus
1065 1067 1197 1143 erudita,
1228 1067 1270 1132 sit
1299 1068 1441 1133 fecunda
1496 1067 1497 1070 ’

279 1181 310 1215 on
357 1176 432 1216 teame
488 1169 522 1217 sie
569 1170 662 1218 oostedo
718 1185 735 1232 Ἰ
792 1169 921 1232 vuscyldig’
970 1183 987 1233 Ἰ
1028 1177 1054 1218 to
1117 1170 1210 1232 eadigra
1291 1187 1355 1234 *laec
1406 1181 1432 1220 to

278 1231 312 1294 in
338 1232 455 1308 sobole,
483 1232 525 1296 sit
550 1235 682 1319 probata
707 1243 741 1298 et
769 1232 930 1309 inuocem,
958 1243 991 1297 et
1016 1233 1057 1298 ad
1082 1233 1248 1300 beatorum
1273 1245 1376 1320 atque
1399 1237 1439 1300 ad
1496 1257 1497 1280 ³

293 1336 378 1385 heofila
457 1336 503 1384 rioo
595 1335 720 1399 iierhcymc
786 1351 802 1399 Ἰ
879 1336 931 1398 gisii
995 1338 1091 1385 mames
1142 1337 1228 1386 mama
1342 1339 1397 1387 hire

279 1399 418 1464 caelestia
447 1421 546 1484 regua
578 1399 749 1484 perveniat,
786 1408 819 1463 et
857 1399 962 1464 videat
1007 1399 1090 1464 filios
1130 1399 1267 1464 filiorum
1306 1423 1438 1466 suorum
1496 1389 1497 1422 ¹

295 1502 360 1564 obit
410 1519 439 1550 ou
496 1501 568 1550 &riba
624 1516 640 1565 Ἰ
711 1501 792 1550 Ῑοοιῦα
878 1519 1012 1552 cneor....
1078 1517 1095 1567 Ἰ
1139 1511 1163 1552 to
1202 1505 1332 1568 giooreuvm
1369 1504 1438 1553 herh-

279 1588 380 1652 usque
406 1566 440 1629 in
469 1565 595 1630 tertiam
618 1575 651 1629 et
678 1575 823 1651 quartam
851 1566 1044 1651 progeniem,
1071 1578 1104 1631 et
1130 1567 1170 1636 ad
1196 1578 1336 1654 optatam
1366 1591 1439 1653 per-

278 1684 343 1732 oyme
471 1669 531 1717 aeldo
806 1669 842 1718 sib
901 1669 973 1717 (hiht'
1037 1670 1070 1718 sie
1123 1671 1197 1733 symle
1278 1672 1328 1719 ivih
1345 1671 1399 1720 mio

277 1732 384 1798 veniat
406 1741 613 1810 senectutem,
637 1754 695 1817 per
785 1732 853 1796 Pax
876 1732 1007 1796 Domini
1030 1733 1073 1798 sit
1094 1755 1220 1820 semper
1241 1735 1424 1800 uobiscum.
1496 1751 1497 1796 ι

757 2007 801 2049 ΑΒ
825 1988 956 2051 οοΜΡι’.

471 2141 516 2202 god
661 2139 724 2186 allm'
832 2137 888 2187 hem
899 2140 985 2188 setniso
1045 2141 1200 2204 s'esoeavnges
1256 2139 1326 2188 hines
1344 2142 1438 2190 ausast?

349 2205 409 2288 (l.)
448 2202 541 2267 Deus
587 2201 795 2288 omnipotens,
837 2203 984 2267 instituta
1023 2203 1221 2289 providentie
1262 2214 1319 2268 tue
1361 2205 1416 2290 pio
1496 2213 1497 2260 ἶ

309 2309 360 2355 lvff
520 2305 662 2368 gifoerscipia
704 2307 748 2365 Jpte
797 2303 830 2353 iia
910 2305 1040 2369 gilefehlioi
1094 2309 1217 2371 geadrvng'
1300 2309 1392 2370 acnyht

278 2392 384 2435 amore
403 2414 515 2433 .....
533 2368 665 2444 uuitase,
707 2378 744 2432 ut
781 2390 860 2454 quos
902 2369 1044 2456 legitima
1080 2369 1231 2436 societate
1261 2372 1435 2448 connectis,
1496 2391 1497 2444 g

294 2473 391 2538 longlifi
440 2473 504 2522 sihbe
552 2472 630 2535 gibaid
641 2470 675 2519 hv

278 2539 414 2624 longeva
436 2558 514 2622 pace
538 2535 705 2611 custodias,
730 2557 787 2620 per

747 2764 959 2808 Buuuulcrw.

449 2911 574 2973 gibloedsia
646 2911 694 2958 ivih
771 2911 841 2960 usuc
946 2927 962 2975 7
1039 2914 1131 2976 anun
1203 2917 1251 2963 su
1333 2917 1390 2964 aas

332 2976 391 3060 (1.)
426 2973 600 3038 Benedicat
638 2995 693 3038 vos
728 2974 895 3052 Dominus,
936 2985 969 3040 et
1003 2977 1160 3042 custodiat
1195 3001 1250 3044 vos
1275 2979 1433 3054 Christus,

308 3080 408 3128 aedeava
423 3094 456 3126 acc
537 3078 609 3125 driht’
689 3078 769 3126 ousion
844 3080 880 3127 his
935 3087 960 3128 to
999 3081 1039 3128 ivh
1073 3083 1195 3145 *jgiselle
1228 3084 1263 3145 ip’
1339 3084 1394 3132 sihb

277 3143 485 3226 ostendatque
501 3141 659 3206 Dominus
674 3142 798 3207 vultum
819 3164 911 3206 suum
932 3143 972 3208 ad
991 3167 1047 3209 vos
1070 3155 1102 3210 et
1131 3146 1186 3210 det
1207 3145 1296 3210 vohis
1312 3168 1434 3231 pacem,

308 3247 387 3309 gifylle
403 3261 437 3292 aeo
485 3245 533 3293 ivih
609 3246 664 3293 crist
744 3247 824 3294 aelovm
887 3247 1026 3310 hloedsvnge
1123 3250 1218 3311 gastth
1275 3251 1300 3298 in
1323 3251 1356 3298 eft
1369 3252 1436 3314 f'gef-

276 3309 460 3395 inpleatque
482 3331 538 3372 vos
566 3308 713 3373 Christus
744 3309 830 3372 omui
858 3310 1079 3376 benedictione
1110 3311 1245 3397 spiritali
1267 3313 1301 3378 iu
1324 3315 1435 3379 remis-

275 3414 326 3461 nise
484 3428 558 3475 synna
655 3429 686 3460 on
741 3413 780 3460 life
877 3429 948 3461 aecvm
1045 3416 1071 3462 in
1108 3417 1204 3478 porvlda
1294 3417 1388 3480 porvld'

276 3476 396 3540 sionem
419 3485 630 3560 peccatorum,
653 3475 688 3538 in
713 3475 810 3539 vitam
840 3486 1009 3554 aeternam,
1040 3478 1074 3542 in
1106 3480 1213 3544 secula
1243 3481 1432 3556 seculorum,

279 3643 393 3708 Amen.

421 3789 543 3838 efthihaid
625 3787 695 3834 driht'
776 3791 802 3837 of
832 3791 927 3840 hessone
968 3794 1001 3840 of'
1082 3793 1126 3842 has
1223 3795 1361 3857 gimoctiuge
1496 3837 1497 3852 ,

330 3856 389 3939 (2.)
416 3851 563 3934 Respice,
595 3851 742 3929 Domine,
774 3853 813 3917 de
843 3855 912 3919 celo
942 3879 1038 3940 super
1067 3858 1149 3922 hanc
1179 3858 1431 3933 conventionem,
1496 3887 1497 3920 t

293 3975 354 4022 7aec
435 3955 509 4016 haelgo
610 3953 688 4018 pyreo
704 3972 738 4004 aec
820 3957 864 4006 ain
971 3961 1109 4026 bloedsvnge
1237 3961 1272 4008 of*
1325 3960 1433 4008 biuios

275 4033 371 4107 atque
402 4028 542 4084 sanctam
575 4017 766 4106 dignamque
796 4029 883 4086 tuam
912 4023 1165 4090 benedictionem
1205 4045 1302 4110 super
1355 4046 1413 4088 eos

291 4125 350 4174 herb
362 4123 407 4171 dael

275 4186 438 4273 perfunde.

417 4337 529 4412 gibloetsa
625 4337 696 4413 driht'
787 4338 903 4399 byrdbvre
968 4339 1008 4388 ais
1066 4355 1082 4403 Ἰ
1143 4341 1186 4388 ulle
1284 4343 1379 4405 hyendo

319 4400 378 4486 (3.)
403 4401 554 4477 Benedic,
585 4401 733 4476 Domme,
761 4399 934 4465 thalamum
959 4403 1028 4480 hoo,
1060 4413 1093 4468 et
1116 4425 1225 4469 omnes
1247 4405 1429 4472 habitantes
