3040 5074
511 538 746 584 A-NGLO·SAXON
770 543 902 588 RITUAL.

626 791 759 836 ORATIO.

164 900 223 981 (l.)
258 899 357 976 Deus,
391 901 445 985 qui
470 925 527 986 per
552 904 689 988 gloriosa
714 907 799 972 bella
820 910 999 976 certaminis
1025 913 1065 976 ad
1087 913 1269 980 inmortales

114 1023 315 1109 triumphans
329 1027 425 1112 digna
440 1051 497 1113 per
511 1051 619 1094 eorum
643 1037 970 1100 commemorationem
992 1037 1105 1102 laetitia
1119 1039 1266 1123 gaudere,

114 1159 152 1212 ut
168 1172 302 1234 quorum
317 1154 491 1237 gaudemus
507 1155 684 1242 triumphis,
702 1182 908 1246 provocemur
923 1163 1085 1248 exemplis,
1102 1187 1159 1250 per

590 1364 796 1410 nurrruonn.

161 1468 219 1551 (l.)
244 1468 407 1535 Justorum
423 1483 530 1538 autern
546 1475 660 1540 animae
675 1477 708 1541 in
724 1501 821 1544 manu
835 1481 898 1545 Dei
921 1493 1003 1560 sunt,
1025 1493 1058 1548 et
1073 1508 1136 1550 non
1159 1496 1269 1571 tanget

113 1593 186 1657 illos
202 1605 393 1660 tormentum
408 1601 526 1666 mortis.
582 1592 590 1606 ⁶

160 1718 208 1782 V'.
233 1721 345 1785 Gloria
360 1733 393 1786 et
407 1723 515 1790 honor.

626 1907 758 1950 ORATIO·

160 2019 217 2102 (l.)
244 2021 373 2098 Adesto,
405 2022 551 2100 Domine,
583 2023 843 2107 suplicationibus
873 2025 997 2102 nostris,
1028 2048 1085 2110 per
1115 2027 1266 2094 interces-

43 2156 45 2160 ’
112 2143 233 2208 Sionem
249 2147 389 2209 Omnium
405 2157 585 2212 sanctolum
601 2157 737 2212 tuorum.

338 2337 532 2394 (ΣΟΜΜΟΝΙΤΙ
555 2353 707 2398 OMNIBUS
730 2356 860 2400 sericus
883 2358 1038 2401 CANlTUR·

621 2462 754 2504 ORATIO.

158 2576 216 2658 (1.)
242 2575 398 2651 Concede,
416 2596 608 2660 quaesumus,
633 2575 831 2659 omnipotens
850 2575 950 2652 Deus,
975 2584 1010 2639 ut
1034 2578 1135 2641 sancti
1150 2601 1263 2644 novem

110 2700 274 2764 ordinibus
297 2701 480 2786 angelorum
504 2711 537 2765 et
562 2701 831 2786 archangelorum,
859 2701 1109 2786 patriarcharum
1133 2711 1165 2768 et
1190 2725 1265 2789 pro·

109 2828 286 2910 phetarum,
303 2845 336 2893 et
351 2837 459 2894 sancta
474 2829 537 2892 Dei
560 2829 705 2912 genetrix
728 2827 842 2904 Maria,
866 2829 1030 2915 sanctique
1046 2831 1094 2894 tui
1116 2829 1261 2915 apostoli,

108 2965 271 3041 martyres,
295 2955 440 3038 virgines,
464 2955 671 3032 confessores,
692 2953 887 3040 perfectique
910 2955 957 3018 tui
969 2955 1049 3038 justi
1069 2977 1127 3020 nos
1144 2957 1261 3043 ubique

108 3081 284 3159 laetificent,
300 3090 337 3145 ut
350 3081 426 3145 dum
441 3103 550 3146 eorum
565 3080 678 3146 merita
698 3080 874 3157 recolimus,
887 3081 1062 3165 patrocinia
1076 3083 1258 3162 sentiamus,

109 3227 167 3290 per

422 3381 466 3422 Ao
489 3380 648 3424 monruos
671 3361 769 3424 Pnuc'
792 3379 948 3422 cumcun.

619 3490 750 3534 onnrro.

154 3609 212 3693 (l.)
237 3609 328 3672 Deus
343 3606 566 3672 consolationis
581 3615 614 3670 et
636 3603 732 3689 pacis,
755 3602 877 3688 respice
900 3603 1056 3689 propitius
1078 3605 1117 3669 ad
1134 3629 1258 3690 precem

106 3735 235 3798 familiae
252 3744 325 3810 tuae,
343 3743 376 3798 et
390 3733 439 3809 da,
453 3731 591 3795 Domine
602 3730 764 3805 virtutum,
778 3738 814 3792 ut
826 3727 940 3792 animae
954 3727 1142 3792 famulorum
1158 3731 1259 3795 famu-

105 3861 271 3944 larumque
297 3868 432 3934 tuarum,
459 3855 513 3941 qui
537 3864 569 3918 et
593 3875 666 3938 quae
693 3854 733 3917 ab
761 3853 865 3916 Adam
886 3875 988 3937 usque
1014 3853 1047 3915 in
1069 3853 1256 3921 hodiernum

106 3986 191 4050 diem
206 3987 246 4050 ab
261 3985 320 4049 hae
335 3985 406 4047 luce
422 3981 646 4065 migraverunt,
669 3987 702 4040 et
722 3976 874 4062 baptizati
890 3976 955 4040 sive
971 3978 1103 4042 confessi
1119 3981 1255 4060 fuerunt,

105 4120 138 4174 et
153 4109 187 4172 in
202 4109 264 4172 fide
280 4107 435 4172 catholica
449 4110 737 4189 perseveraverunt,
757 4100 844 4166 etde
860 4123 968 4165 eorum
984 4105 1078 4168 rebus
1094 4107 1253 4172 aecclesias

105 4235 169 4300 Dei
184 4235 374 4309 ditaverunt,
390 4241 423 4296 et
444 4231 484 4295 de
507 4250 640 4315 quorum
663 4227 841 4292 elemosinis
864 4249 973 4291 sumus
988 4229 1150 4308 consolati,
1168 4253 1254 4316 quae·

103 4381 223 4434 sumus,
249 4357 395 4434 Domine,
413 4367 449 4420 ut
470 4355 503 4418 in
525 4354 645 4420 sinibus
661 4353 790 4463 Abrahp
813 4362 845 4416 et
871 4352 957 4416 issac
977 4363 1010 4417 et
1032 4354 1132 4419 Jacob
1154 4357 1183 4419 ir
