2986 5074
456 520 691 566 anano-saxon
716 521 848 564 urruns.
1186 503 1225 566 et

277 663 326 710 bro'
384 660 388 664 ’
422 661 502 724 giboht
545 664 650 724 arongic
688 661 762 724 perite
836 661 903 710 micli
1029 657 1133 721 v'ldrigass
1204 675 1220 722 7

116 721 198 807 (16.)
236 723 372 802 Fratres,
410 725 510 810 empti
556 725 632 789 estis
674 725 777 810 pretio
814 729 947 808 magno}
985 674 1158 808 giorificate
1195 733 1228 787 et

69 825 154 873 bearait
166 827 204 888 gie
233 828 292 888 =god
351 827 377 874 in
420 827 542 876 iichome'
577 827 650 890 iverp'
1140 835 1141 838 ’

69 897 195 973 portate
216 890 326 954 Deum
347 889 381 953 in
404 911 534 976 corpore
556 900 670 955 vestro.

275 1025 326 1072 bro'
454 1026 510 1076 erist
638 1025 732 1073 eitaras
822 1025 859 1072 ird
923 1024 996 1071 dead'v'
1104 1024 1203 1072 iricen'd

115 1085 196 1168 (17.)
233 1086 370 1163 Fratres,
421 1087 569 1156 Christus
613 1087 787 1152 resurrexit
833 1109 853 1150 e
899 1085 1032 1150 mortuis
1077 1086 1226 1171 primitiae

119 1188 240 1248 slependre
401 1193 446 1251 itte
542 1191 613 1240 f'iton
655 1190 715 1239 iterh
785 1203 870 1238 monne
967 1185 1028 1237 dead
1102 1203 1118 1258 Ἰ
1166 1187 1227 1236 terh

67 1249 312 1330 dormientium
350 1253 499 1338 quoniam
536 1255 620 1318 enim
657 1277 714 1340 per
750 1253 910 1316 hominem
951 1273 1044 1328 mors,
1090 1259 1124 1316 ct
1169 1273 1227 1336 per

110 1369 195 1401 monuo
323 1357 379 1404 erist
532 1358 627 1408 deadre,
725 1372 742 1420 Ἰ
802 1373 855 1404 suae
909 1356 935 1403 in
987 1356 1055 1403 adam
1149 1353 1194 1402 alio

67 1415 230 1480 hominem
258 1419 448 1483 resurrectio
477 1430 683 1497 mortuorum,
721 1429 754 1485 et
790 1419 873 1484 sicut
908 1418 943 1481 in
976 1418 1080 1482 Adam
1116 1437 1227 1480 omnes

67 1518 374 1584 biitoudeadoideadigait
402 1539 449 1570 erre
472 1524 514 1571 aelc
540 1525 566 1574 iu
620 1525 687 1572 criste
778 1524 822 1571 elle
887 1517 960 1570 bicon
970 1521 1113 1584 giliffaestedo

134 1582 322 1662 moriuntur,
403 1585 449 1649 ite
478 1595 511 1649 et
536 1585 570 1650 iu
595 1586 724 1652 Christo
750 1607 858 1650 omnes
883 1583 1134 1649 vivificabuntur.

258 1727 326 1776 broit'
412 1731 463 1792 gefe
538 1731 579 1780 ivh
646 1746 662 1794 Ἰ
705 1732 756 1778 sibb
778 1731 815 1777 fro
873 1729 931 1790 gode
1012 1726 1076 1772 feder
1139 1725 1200 1771 vser’

115 1789 196 1874 (18.)
222 1789 359 1868 Fratres,
389 1792 492 1876 gratia
517 1793 606 1860 vobis
636 1803 670 1858 et
694 1815 758 1878 pax
784 1814 804 1856 a
832 1789 972 1854 Domino
997 1797 1087 1874 patre
1116 1793 1225 1848 nostro

74 1907 91 1956 Ἰ
151 1893 223 1940 driht'
260 1894 365 1942 haelende
413 1896 480 1943 criste
536 1895 603 1946 scite
627 1897 714 1960 giralde
763 1895 818 1942 hine
878 1893 964 1940 seolfne
1011 1891 1048 1938 f'e
1108 1891 1183 1950 synni

67 1967 103 2020 et
119 1955 258 2046 Domino
273 1956 351 2020 Jesu
377 1957 514 2034 Christo,
543 1959 599 2044 qui
624 1959 712 2025 dedit
741 1965 842 2023 semet
869 1955 975 2040 ipsum
1003 1949 1226 2038 propeccatis

112 2060 148 2106 νῆ’
212 2061 257 2118 tite
288 2059 395 2120 ginerede
438 2061 489 2123 'rsig
522 2061 548 2108 oi
584 2045 715 2110 ondveardi
759 2047 855 2124 poi-vide
914 2047 986 2120 'pugni
1110 2055 1152 2102 cft'

66 2119 195 2197 uostris,
216 2129 254 2186 ut
269 2121 407 2206 eriperet
430 2145 489 2187 nos
518 2145 538 2188 a
566 2124 719 2209 praesenti
749 2123 856 2188 seculo
881 2141 1028 2206 nequam,
1052 2115 1226 2184 secundum

140 2225 197 2285 villo
284 2226 399 2288 godes7
442 2225 514 2274 faeder
568 2243 620 2276 vuer

65 2287 264 2352 voluntatem
286 2287 351 2351 Dei
373 2295 406 2352 et
427 2289 527 2374 patris
548 2289 658 2356 nostri.

264 2423 314 2470 bro'
366 2423 417 2471 mit
426 2423 463 2486 ty
494 2441 523 2473 ve
534 2440 605 2487 peren
654 2421 726 2474 dendo
802 2423 878 2484 syrmi
973 2418 1116 2480 giliffaestade
1175 2415 1227 2477 vsig

114 2485 198 2571 (19.)
224 2485 362 2564 Fratres
379 2509 451 2550 cum
474 2509 615 2552 essemus
630 2485 747 2552 mortui
762 2485 910 2571 peccetis,
927 2479 1155 2546 convivificavit
1169 2499 1228 2542 nos

99 2573 201 2636 ensa
261 2587 313 2636 raes
401 2589 462 2651 gese
523 2573 610 2652 aragia
658 2590 757 2652 gruum
823 2601 840 2649 Ἰ
912 2576 1138 2657 generosagoene
1199 2593 1215 2640 7

66 2651 208 2728 Christo,
247 2651 338 2736 cujus
380 2651 482 2736 gretia
527 2653 604 2716 estis
649 2651 770 2727 salvati,
819 2658 853 2713 et
892 2653 1150 2712 conresuscitavit
1193 2651 1227 2705 et

114 2753 195 2816 gisitte
267 2755 329 2816 dyde
362 2754 387 2802 in
462 2755 546 2802 hocin?
626 2756 652 2802 in
698 2755 778 2803 'criste
826 2751 910 2799 irrelen'

65 2817 240 2882 consedere
262 2817 339 2882 fecit
360 2817 395 2880 in
417 2817 600 2882 coelestibus
618 2817 655 2882 in
678 2817 807 2883 Christo
828 2815 915 2880 Jesu.

264 2953 314 3000 bro'
394 2952 455 3001 {terh
535 2953 620 3017 gityld
738 2953 845 3014 iornvpe
936 2945 1060 2995 f'araeden’
1156 2958 1206 3017 vs·

112 3014 196 3102 (20.)
221 3013 357 3098 Fratres,
395 3038 454 3100 per
494 3016 680 3102 patientiam
709 3035 872 3081 curramus
901 3009 1098 3096 propositum
1134 3005 1226 3068 noble

109 3110 196 3180 gifehd
289 3109 429 3166 bihudendo
494 3135 524 3167 on
600 3119 686 3183 pyrhte
749 3117 892 3181 gileufes¹1
990 3107 1168 3169 endefaestendi

64 3191 237 3256 certamen,
272 3179 461 3266 aspicientes
497 3182 531 3245 in
567 3192 728 3247 auctorem
764 3179 839 3242 fidei
872 3179 905 3242 et
940 3181 1224 3238 consummatorem

97 3284 150 3331 haet
207 3282 274 3332 scite
322 3285 413 3332 s'eset’
485 3285 511 3334 hi
582 3286 642 3348 gisen
712 3283 845 3332 vnderbaer'
909 3279 971 3326 rod'e
1072 3287 1159 3346 sueonie

62 3347 188 3422 Jesum,
213 3346 268 3431 qui
291 3348 452 3432 proposito
476 3347 535 3412 sibi
561 3347 678 3434 gaudio
702 3344 853 3412 sustinuit
877 3361 1013 3415 crucem,
1040 3333 1224 3400 confusrone

83 3449 86 3454 '
119 3450 235 3512 gihenedo
266 3465 267 3470 ¹
316 3449 402 3513 'jue'
448 3467 478 3499 on
530 3450 608 3500 eriere
663 3451 737 3499 sedles
759 3449 829 3512 godes
861 3445 933 3495 sitteit

63 3521 301 3597 contempnata,
325 3517 422 3599 atque
447 3513 482 3577 in
507 3513 639 3578 dextera
660 3513 744 3579 sedis
764 3511 829 3576 Dei
855 3509 953 3575 sedet.

263 3645 314 3692 bro'
416 3645 461 3706 god
542 3649 593 3708 pnt'
663 3645 740 3692 sibbes
783 3640 850 3690 seito
888 3639 984 3688 oflaedde
1027 3637 1063 3684 fro
1119 3635 1205 3710 deadi·

80 3731 84 3736 ·
110 3707 195 3791 (21.)
222 3706 360 3784 Fratres,
395 3707 487 3772 Deus
511 3718 627 3772 autem
657 3705 754 3792 pacis,
793 3703 848 3790 qui
884 3702 995 3767 eduxit
1026 3699 1066 3763 de
1091 3710 1225 3762 mortum

94 3808 179 3856 hiorde
300 3810 363 3857 micil
474 3809 537 3872 scipa
605 3825 635 3858 on
710 3795 778 3858 biode
897 3803 1052 3879 gicytniss’.
1134 3815 1210 3874 reces-

61 3882 226 3957 pastorem
262 3891 412 3956 magnum
452 3873 558 3936 ovium
600 3871 636 3936 in
676 3869 829 3956 sunguine
874 3874 1056 3932 testamentr
1100 3873 1222 3936 asterm,

111 3974 187 4022 driht'
295 3991 375 4023 vseme
457 3976 506 4024 har
620 3976 674 4024 crist
765 3973 852 4034 gioeese
884 3969 933 4017 ivih
965 3969 991 4015 in
1034 3967 1089 4014 selei
1142 3965 1201 4028 gode

61 4036 242 4100 Dominum
263 4047 406 4101 nostrum
430 4038 542 4103 Jesum
565 4038 737 4112 Christum,
764 4045 853 4121 aptet
877 4053 933 4097 vos
957 4029 1103 4094 inomni
1128 4029 1222 4103 bono,

62 4144 108 4201 W
128 4136 246 4202 Εἱθὲἷᾶθθ
327 4133 384 4203 Pffla
424 4153 425 4156 ’
490 4143 528 4190 his
584 4143 673 4190 doende
716 4142 741 4188 iu
779 4139 829 4188 ivih
894 4138 913 4196 it
978 4134 1081 4196 giopeme
1129 4131 1196 4180 bef'a

61 4213 101 4267 ut
122 4202 250 4266 facietis
264 4203 460 4268 voluntatem
475 4206 554 4290 ejus,
573 4205 691 4270 iaciens
712 4203 746 4267 in
760 4202 849 4268 vobis
865 4198 950 4286 quod
971 4196 1096 4282 placeat
1117 4215 1223 4276 coram
1300 4237 1301 4242 κ

61 4307 111 4354 irim
153 4304 173 4352 ὅ
254 4305 280 4353 h’
408 4311 429 4355 c'

61 4392 105 4446 se,
130 4389 191 4453 per
212 4369 324 4434 Jesum
349 4370 522 4435 Christum.
