2986 5074
470 531 703 578 sueno-saxon
727 490 861 576 urruns.
1197 518 1240 578 45

97 669 129 716 eft
139 669 249 732 gilesdest
297 672 330 720 sel
395 687 422 719 vs
518 672 626 720 fadorlica
732 673 846 735 symlinga
941 671 1049 734 halgvara
1104 674 1107 678 '
1162 670 1225 719 Sem

89 733 260 810 redemisti,
294 736 336 798 da
364 733 456 798 nobis
485 735 658 819 patrocinia
692 735 875 800 continuata
905 745 1094 811 sanctorum,
1126 734 1242 819 quibus

88 835 181 896 ginoma
244 838 348 900 remregi
388 837 426 884 ha]
446 838 529 885 oendes
550 837 727 900 heigesgiryne
803 839 849 886 del
963 836 981 884 b

90 918 203 982 capere
218 899 378 964 valeamus
394 851 539 964 saiutaris
572 901 713 986 mysterii
733 900 920 986 portionem,
937 921 994 984 per
1009 899 1183 964 Dominum

186 1050 282 1112 geafona
295 1047 415 1101 bancvnoa
453 1051 554 1102 vedoab
652 1051 731 1101 mht'·
842 1053 981 1116 monigfald?
1077 1054 1133 1116 ymb
1192 1053 1243 1116 vsig

135 1112 195 1200 (4.)
242 1113 370 1178 Gratias
439 1116 571 1200 agimus,
615 1116 764 1194 Domine,
805 1116 1024 1202 multiplicatis
1062 1117 1146 1181 circa
1182 1133 1243 1180 nos

90 1214 405 1266 milsvmimiltheortnisvm
439 1217 498 1266 bin?
525 1217 602 1267 bvbe
625 1221 754 1283 7bearnes
770 1217 839 1266 binas
881 1221 998 1268 aoennisse
1062 1219 1112 1282 vsig
1155 1218 1242 1272 baeles¹

126 1277 380 1344 miserationibus
434 1281 508 1358 tuis,
536 1281 649 1366 quiet
677 1281 735 1345 filii
784 1281 831 1346 tui
860 1281 1025 1346 nativitate
1054 1304 1111 1346 nos
1130 1282 1241 1359 salvas,

100 1395 118 1443 7
167 1383 250 1444 eadges
313 1381 409 1431 brovres
507 1385 612 1434 Stefenes
751 1385 833 1448 gibede
927 1382 1158 1448 favvnderprebbe·
1206 1382 1224 1431 b

91 1452 125 1507 et
165 1445 251 1510 beati
294 1446 439 1532 martyris
485 1447 639 1532 Stephani
683 1447 904 1534 deprecatione
965 1457 1132 1524 sustentas,
1185 1467 1242 1532 per

91 1609 227 1674 eundem

203 1762 389 1826 gesrvaigionn
480 1762 568 1813 vebid'
730 1761 793 1812 allm'
917 1763 962 1826 god
1036 1765 1080 1823 pte
1156 1761 1227 1824 eadge

135 1824 196 1907 (5.)
245 1826 365 1903 Presta,
426 1848 608 1912 quesumus,
654 1827 853 1912 omnipotens
893 1826 993 1902 Deus,
1044 1836 1082 1889 ut
1129 1823 1242 1889 beatus

140 1928 221 1978 Stefan
296 1927 385 1978 diacon'
434 1931 571 1978 micildoend
636 1945 682 1978 svae
731 1945 763 1978 oer
806 1927 877 1976 obet?
908 1927 1041 2005 gibisnerei
1089 1925 1236 2002 drihteplioes

93 1991 274 2076 Stephanus
288 1991 396 2056 laevita
409 1993 604 2077 magnificus,
622 1992 705 2058 sicut
719 2001 793 2057 ante
808 1991 885 2056 alios
909 1992 1049 2057 imitator
1074 1989 1242 2054 Domlnice

104 2092 221 2156 brornges
264 2110 282 2158 7
324 2094 445 2143 arfaestnis’
467 2095 681 2158 gisoeaniongann
698 2111 745 2144 svm
788 2095 821 2144 sie
901 2097 1015 2143 taderniss
1112 2111 1195 2158 geonta

88 2156 245 2240 passionis
260 2166 293 2221 et
322 2157 449 2244 pietatis
514 2159 652 2237 innituit,
704 2159 751 2223 ita
787 2157 829 2222 sit
865 2157 1044 2242 fragilitatis
1076 2166 1242 2244 promptus

106 2259 207 2322 helpend
256 2259 274 2308 b

89 2323 225 2408 adjutor,
241 2345 299 2412 per
313 2323 449 2388 eundem

200 2547 243 2592 vr.
260 2531 322 2592 ‘rm'
342 2550 513 2608 rannsmr,
537 2550 667 2596 nanus
684 2549 798 2596 sarram
814 2537 982 2595 sonamus
1003 2531 1131 2594 nvsns’.

152 2732 155 2738 ,
220 2684 287 2734 sebe
303 2687 415 2735 ondredes
478 2688 523 2750 god
595 2687 662 2750 gidoe
725 2688 784 2752 godo
856 2701 872 2750 7
905 2651 973 2738 sebe
1021 2651 1145 2753 giholdend
1204 2695 1225 2742 is

135 2749 195 2832 (l.)
219 2749 286 2824 Qui
315 2749 407 2814 timet
444 2749 552 2814 Deum
587 2750 681 2814 faciet
714 2751 816 2828 bona;
851 2760 884 2816 et
913 2752 969 2838 qui
998 2753 1163 2820 continens
1192 2766 1242 2821 est

100 2849 206 2898 sobfrsst’
308 2852 410 2915 gigrippe
534 2852 595 2901 hiat
669 2868 686 2916 7
751 2853 864 2917 gigegnab
914 2855 962 2904 him
1011 2856 1098 2904 svoelce
1146 2861 1225 2906 moder

84 2913 222 2998 justitiae
258 2914 475 3009 adprehendet
515 2915 611 2993 illam,
661 2925 694 2980 et
739 2917 878 2981 obviabit
915 2917 963 2981 illi
1009 2919 1100 3004 quasi
1140 2931 1241 2986 mater

138 3015 242 3080 srpyrbe
328 3019 453 3081 7svoeloe
509 3019 547 3081 pis
608 3019 644 3066 hb
677 3018 833 3066 hehstaldnise
867 3020 994 3068 ruderfoeb
1043 3023 1098 3070 bins

87 3079 302 3156 honorificata,
320 3089 353 3144 et
368 3080 457 3166 quasi
472 3079 586 3145 mulier
615 3103 635 3144 a
663 3081 843 3166 virginitate
859 3081 1010 3168 suscipiet
1023 3083 1122 3148 illum.

225 3230 255 3280 on'
287 3229 394 3280 meddrm
460 3233 527 3281 cirins
601 3231 707 3295 vntyneb
740 3229 797 3280 mab
813 3233 876 3286 this
933 3248 950 3297 7
1023 3235 1110 3297 gifylde
1175 3235 1230 3284 hine

135 3296 195 3380 (2.)
219 3295 260 3359 In
287 3295 392 3359 medio
421 3294 565 3398 aecclesie
594 3295 715 3380 aperiet
750 3317 786 3359 os
815 3295 893 3380 ejus,
925 3305 959 3361 et
995 3295 1138 3383 implevit
1167 3319 1241 3363 sum

133 3398 206 3446 driht'
296 3405 360 3460 geste
445 3401 536 3461 snytre's
597 3413 614 3462 7
664 3399 709 3446 ond
737 3405 784 3446 ttes
848 3414 865 3462 7
906 3399 950 3447 stol
1006 3400 1098 3464 pvldres
1140 3403 1241 3465 gigeride

88 3461 249 3526 Dominus
272 3461 387 3547 spiritu
402 3460 574 3546 sapientiae
590 3470 623 3526 et
637 3461 715 3526 intel
728 3471 827 3539 ectus,
843 3471 877 3526 et
891 3463 973 3528 stola
1004 3464 1104 3549 glorie
1137 3465 1242 3532 induit

87 3565 172 3692 duh

267 3723 417 3810 lvfsrmnisse¹
485 3775 502 3826 7
569 3763 719 3826 pynsvmnise
831 3763 957 3825 gistrionds
1070 3762 1106 3811 of'
1170 3767 1225 3816 hine

135 3825 195 3912 (3.)
218 3824 454 3890 Jocunditatem
478 3835 511 3914 et
537 3825 764 3889 exultationem
787 3824 1012 3890 thesaurizavit
1038 3847 1239 3909 supereum,

88 3945 104 3992 7
171 3943 239 3975 nome
329 3929 369 3974 eci
456 3927 621 3975 'erieveardade
669 3927 724 3975 hine
799 3925 871 3974 driht’
950 3929 997 3990 god
1057 3943 1138 3975 vserne

88 4001 123 4056 et
143 3989 271 4055 nomine
287 3998 415 4054 aeterno
439 3943 628 4054 hereditavit
652 3989 743 4052 illum
758 3989 916 4054 Dominus
932 3989 1023 4054 Deus
1037 3999 1161 4055 noster,

253 4141 322 4191 brod'
408 4142 541 4205 gibloedsad
616 4141 661 4204 god
718 4154 735 4203 7
784 4141 849 4190 feder
915 4133 987 4190 driht'
1067 4140 1102 4190 vs’
1178 4144 1233 4194 hal·

135 4207 195 4291 (4.)
221 4205 358 4282 Fratres,
383 4205 571 4270 benedictus
597 4204 688 4270 Deus
714 4212 747 4267 et
770 4213 861 4290 pater
885 4205 1017 4269 Domini
1042 4205 1142 4284 nostri
1164 4206 1243 4272 Jesu

120 4307 191 4358 Crist'
241 4307 309 4357 sebe
348 4308 493 4371 gibloedsade
530 4307 581 4369 vsig
615 4307 641 4354 in
696 4306 752 4354 aelcr
831 4307 994 4371 gibloedsvnge
1068 4312 1163 4374 gastlic?
1207 4315 1232 4362 in

90 4371 220 4450 Christi,
254 4371 309 4457 qui
338 4369 501 4438 benedixit
530 4391 588 4435 nos
613 4369 646 4434 in
681 4369 767 4434 omni
796 4371 1015 4438 benedictione
1050 4373 1183 4458 spiritali
1208 4377 1243 4440 iri
