3040 5074
475 525 709 570 ANGLUSAXON
733 525 865 570 mount.

458 817 586 873 necno,
611 799 674 861 mn’
697 817 891 865 snrrsurnn.

140 967 202 1054 (1.)
225 967 338 1032 Justus
353 988 407 1032 cor
422 986 516 1030 suum
531 965 635 1030 tradet
654 964 694 1029 ad
715 963 911 1049 vigilandum
930 966 1070 1032 diluculo
1085 967 1126 1031 ad
1141 965 1252 1030 Domi-

93 1115 173 1159 nnm
198 1095 253 1180 qui
276 1094 352 1160 fecit
377 1069 479 1170 illuni,
507 1101 540 1157 et
565 1091 600 1156 in
626 1102 800 1178 conspectu
827 1093 985 1159 Altissimi
1010 1093 1250 1181 deprecabitur;

95 1220 219 1307 aperiet
238 1242 274 1285 os
300 1243 393 1286 suum
416 1219 451 1284 in
475 1219 625 1297 oratione,
647 1227 681 1285 et
701 1242 759 1306 pro
783 1220 908 1287 dilectis
933 1221 999 1287 suis
1021 1220 1251 1308 deprecabitur.

97 1348 133 1414 Si
156 1347 240 1414 enim
262 1348 421 1413 Dominus
443 1369 577 1433 magnus
598 1348 743 1425 voluerit,
760 1349 874 1435 spiritu
889 1348 1100 1460 intelligentie?
1116 1349 1252 1436 replebit

94 1476 196 1553 illum,
220 1485 254 1542 et
277 1475 347 1562 ipse
368 1485 520 1561 tanquam
540 1473 656 1541 imbres
680 1477 786 1543 mittet
806 1479 987 1565 eloquentia
1007 1477 1163 1584 sapientip
1181 1495 1250 1573 sup,

95 1611 131 1667 et
145 1601 179 1666 in
194 1602 336 1668 oratione
351 1623 409 1666 sua
424 1599 627 1667 confitebitur
641 1601 790 1678 Domino,
814 1611 848 1667 et
869 1602 938 1688 ipse
952 1602 1068 1688 diriget
1082 1602 1251 1668 concilium

94 1738 130 1795 et
158 1727 357 1814 disciplinam
381 1727 526 1823 doctrinp
552 1727 631 1812 ejus,
663 1736 696 1793 et
724 1729 854 1794 secretis
884 1731 953 1816 ejus
979 1729 1130 1796 advertet.
1175 1730 1249 1816 Ipso
1276 1777 1283 1790 .

94 1857 311 1923 manifestabit
336 1854 535 1943 disciplinam
559 1855 713 1922 doctrinae
743 1857 821 1942 ejus,
852 1823 885 1924 et
913 1858 947 1922 in
972 1857 1043 1945 lege
1070 1855 1251 1924 testamenti

96 1982 229 2048 Domini
257 1981 451 2068 gloriabitur.
475 1981 743 2048 ·Conlaudabunt
772 1983 865 2048 multi
895 1985 1082 2072 sapientiam
1112 1986 1190 2071 ejus,
1218 1999 1252 2051 et

96 2130 200 2195 usque
219 2108 253 2172 in
268 2109 411 2174 seculum
425 2130 489 2173 non
505 2108 671 2188 delebitur,
688 2132 747 2176 nec
765 2112 893 2178 recedat
912 2113 1096 2179 memoriam
1116 2113 1195 2198 ejus,
1218 2123 1251 2177 et

94 2259 212 2302 nomen
227 2237 296 2322 ejus
310 2236 490 2322 requiretur
504 2235 537 2300 in
551 2237 797 2323 generationem.

195 2531 390 2584 SEQUENTIAE
414 2533 528 2577 SANCTI
551 2533 731 2576 EVANGELH
755 2533 937 2577 SECUNDUM
959 2534 1157 2582 JOHANNEM.

144 2693 203 2779 (1.)
228 2691 269 2756 ln
282 2690 337 2756 illo
352 2701 495 2776 tempore
509 2687 591 2752 dixit
612 2687 706 2754 Jesus
723 2688 888 2776 discipulis
911 2689 986 2768 suis,
1003 2691 1143 2778 Vigilate
1165 2717 1249 2782 ergo,

97 2817 175 2905 quia
189 2817 317 2883 nescitis
333 2839 397 2904 qun
410 2817 489 2882 hora
503 2816 662 2882 Dominus
678 2825 783 2882 vester
796 2827 948 2883 venturus
968 2819 1024 2898 sit;
1044 2820 1124 2886 illud
1144 2834 1251 2890 autem

97 2945 221 3024 scitote,
248 2946 333 3032 quod
354 2946 381 3011 si
404 2944 500 3010 sciret
519 2943 745 3030 paterfamilias
765 2967 829 3030 qua
850 2945 928 3011 hora
946 2946 998 3009 fur
1019 2958 1172 3016 venturus
1192 2963 1250 3029 est,
1314 2965 1318 2972 '

94 3061 241 3161 vigilaret
262 3073 373 3161 utique
395 3080 428 3136 et
450 3092 515 3135 non
537 3070 655 3136 sineret
672 3070 794 3157 perfodi
815 3070 944 3136 domum
966 3095 1064 3138 suam.
1109 3076 1251 3164 Ideoque

96 3212 131 3267 et
145 3223 201 3266 vos
216 3210 317 3266 estote
331 3197 443 3288 parati,
461 3196 536 3283 quia
557 3195 687 3262 nescitis
710 3218 773 3282 qua
793 3197 872 3263 hora
895 3197 995 3265 Filius
1016 3201 1153 3268 hominis
1175 3226 1251 3270 ven-

95 3339 188 3394 turus
214 3337 272 3394 est
317 3325 399 3403 Quis
423 3333 516 3413 putas
540 3346 610 3390 esse
636 3323 738 3389 fidelis
764 3345 875 3390 servus
900 3334 933 3390 et
958 3327 1123 3412 prudeus?
1156 3354 1251 3418 quem

95 3455 262 3522 constituit
290 3453 449 3520 Dominus
478 3474 556 3517 suus
592 3473 689 3538 super
719 3451 869 3517 familiam
903 3475 1002 3534 suam,
1039 3465 1075 3522 ut
1103 3458 1159 3524 det
1187 3450 1265 3526 illis'

95 3585 213 3670 cybum
228 3583 261 3648 in
277 3592 428 3670 tempore.
474 3580 595 3646 Beatus
617 3580 672 3644 ille
693 3602 802 3646 servus
818 3603 914 3668 quern
936 3580 1118 3650 convenerit
1140 3587 1253 3653 Domi·

96 3734 159 3776 nus
184 3711 254 3796 ejus
278 3709 435 3776 invenerit
464 3707 510 3774 sic
538 3707 726 3784 facientem3
754 3707 868 3785 Amen,
891 3709 962 3775 dico
990 3710 1076 3777 vobis
1103 3713 1252 3797 quoniam

97 3860 194 3926 super
208 3838 313 3904 omnia
326 3840 411 3902 bona
425 3833 598 3901 constituet
610 3855 693 3898 eum.

144 3993 203 4080 (2.)
229 3987 454 4057 Benedixionis
468 3996 542 4064 tuae,
559 3984 706 4062 Domine,
723 3984 938 4050 intercedente
952 3987 1046 4051 beato
1062 3987 1250 4069 confessore,

96 4117 149 4183 vel
170 4126 316 4203 martyre,
339 4117 390 4182 vel
412 4113 555 4201 apostolo
578 4122 642 4191 tuo,
669 4111 734 4190 illo,
762 4111 979 4197 suscipiamus,
1002 4124 1040 4179 nt
1063 4113 1154 4199 cujus
1181 4138 1252 4224 prp-

97 4243 253 4311 veniendo
272 4244 405 4330 gloriam
427 4245 631 4323 celebramus,
657 4243 726 4330 ejus
750 4239 958 4328 supplicando
981 4243 1135 4310 auxilium
1156 4245 1252 4311 senti-

98 4393 198 4450 amus,
216 4389 272 4457 per
