2986 5074
243 435 283 495 68
620 452 856 498 iunio-saxon
880 449 1013 496 irruit.

291 593 378 640 vebid'
490 589 593 656 arpyi‘be
691 593 787 655 symbel'
846 592 884 640 bal
902 593 986 640 oendes
1024 591 1132 640 fvltvmes
1184 605 1211 638 vs
1298 587 1388 653 gipniie

242 676 425 741 quesumus,
456 654 634 720 veneranda
661 653 815 721 festivitas
893 650 991 732 utaris
1020 653 1131 722 auxilii
1157 652 1250 718 nobis
1279 664 1404 740 prestet

265 759 373 806 sicinnise

242 822 400 900 effectum,
417 843 474 908 per
488 821 530 886 D'

388 956 560 1020 magenaryme
625 957 669 1006 ain
766 959 838 1007 driht’
926 958 1058 1008 boemundo
1157 959 1279 1007 vebiddas
1358 957 1404 1016 'pte

188 1095 194 1107 Ι
288 1021 348 1104 (2.)
375 1020 579 1105 Majcstatem
608 1029 705 1098 tuam,
736 1021 885 1099 Domine,
916 1021 1076 1107 supplices
1108 1020 1327 1108 deprecamur,
1354 1029 1403 1095 ut,

258 1139 306 1171 svm
350 1124 400 1186 viig
438 1124 558 1186 symlvnga
599 1124 667 1187 balga
678 1140 733 1188 para
808 1124 878 1174 bini-a
946 1179 951 1186 ,
1023 1125 1120 1187 gimynd
1273 1123 1341 1186 gladii
1352 1121 1389 1172 liv

242 1186 325 1251 sicut
350 1197 408 1250 nos
432 1186 553 1272 jugiter
578 1196 759 1252 sanctorum
784 1197 912 1253 tuorum
930 1187 1227 1256 commemoratione
1247 1185 1403 1263 laetificas‚

242 1305 289 1340 sva
333 1291 406 1354 symle
461 1333 464 1340 .
519 1291 591 1342 boene
736 1290 838 1340 mildbv

242 1353 287 1422 ita
309 1375 433 1442 semper
454 1353 684 1440 supplicatione
706 1353 864 1432 defendas,
887 1376 945 1442 per
967 1356 1008 1420 D

429 1567 477 1610 vi.
502 1567 581 1610 iniis
604 1545 704 1626 snrr',
730 1566 915 1612 usriviris
939 1567 1069 1610 seuera
1091 1567 1225 1612 MARIAE.

388 1709 411 1756 la
466 1707 533 1758 eride
605 1708 676 1772 fagor
746 1710 767 1757 is
815 1708 903 1771 hygdig
966 1724 1072 1762 cneoresc
1143 1706 1195 1756 mill
1261 1703 1385 1754 brehtnise

288 1771 347 1856 (1.)
385 1772 416 1836 Ο
454 1793 548 1857 quam
585 1771 695 1856 pulcra
732 1781 781 1836 est
817 1779 904 1836 casta
937 1771 1209 1856 generationum
1245 1768 1404 1843 claritate,

256 1874 439 1926 vndoodlicenise
470 1873 542 1922 i'llon
581 1875 606 1922 in
654 1876 750 1938 gimynd
784 1910 788 1916 .
822 1873 893 1935 des!
954 1872 1043 1922 f'don.
1116 1882 1148 1922 aet
1193 1874 1273 1936 ‚gode
1339 1869 1389 1918 cvii

239 1935 448 2001 inmortalitas
468 1937 552 2001 euim
575 1937 609 2000 in
630 1938 782 2004 memoria
800 1937 894 2014 illius,
916 1936 1065 2024 quoniam
1085 1936 1172 2022 apud
1190 1937 1302 2002 Deum
1326 1944 1406 2000 nota

254 2040 275 2088 is
325 2054 341 2103 Ἰ
385 2039 435 2090 mia
490 2057 600 2094 monnvm
1263 2036 1267 2041 ’
1301 2053 1304 2058 “

240 2111 289 2168 est
315 2112 348 2170 et
373 2103 459 2190 apud
480 2103 633 2168 homines.

378 2235 415 2282 fro
479 2234 550 2312 frysss
610 2249 643 2282 aer
739 2231 821 2294 porrld
898 2245 1003 2291 necapoli
1067 2247 1105 2279 am
1160 2249 1178 2298 ‘J
1327 2237 1373 2288 vin

280 2297 343 2388 (2.)
374 2299 427 2363 Ab
463 2298 554 2362 initio
590 2305 664 2361 ante
700 2292 860 2358 saeculum
896 2301 1003 2356 creata
1045 2313 1126 2370 sum,
1154 2309 1189 2362 et
1232 2301 1407 2388 usquead

248 2403 369 2464 topeardi
429 2402 523 2465 pervide
594 2415 624 2448 ne
688 2395 796 2470 blinnoic
839 2393 914 2468 *jin
971 2395 1096 2468 pvpmissc
1177 2398 1249 2464 balg?
1337 2405 1375 2453 f'a

237 2465 381 2529 futurum
400 2464 561 2550 saeculum
583 2481 646 2525 non
667 2458 817 2531 desinam,
833 2463 866 2518 et
885 2475 919 2517 in
941 2455 1135 2552 habitatione
1159 2475 1275 2531 sancta
1296 2489 1406 2533 coram

237 2567 301 2618 ξω]
340 2570 361 2617 ic
371 2567 501 2645 pissegmde
547 2579 563 2626 '⁴1
605 2577 651 2610 SV&
694 2560 720 2606 ln
768 2558 824 2632 Sion
880 2557 992 2605 nfaestml
1048 2574 1086 2607 Em
1145 2577 1162 2626 *j
1204 2567 1231 2616 in
1288 2578 1380 2620 oenstre

237 2631 308 2717 ipso
337 2628 520 2704 ministravi,
544 2635 578 2690 et
607 2623 652 2687 sic
688 2621 722 2684 in
759 2620 836 2683 Sion
873 2618 998 2686 firmata
1030 2643 1110 2700 sum,
1134 2635 1169 2691 ct
1201 2629 1238 2694 in
1272 2634 1407 2720 civitate

267 2734 388 2810 gihalpado

238 2797 440 2864 sanctificata

414 2929 435 2975 ic
500 2924 526 2971 of
565 2921 636 2970 mille
675 2919 727 2968 bias
737 2920 822 2970 heisten
855 2921 1019 3000 irgibvoh(?)
1086 2925 1231 2983 frvmoendo
1345 2955 1385 2990 aer

293 2993 352 3080 (3.)
386 2991 456 3072 Ego
492 3008 532 3050 ex
576 3007 631 3050 ore
678 2983 823 3050 altissimi
877 2986 1008 3071 prodivi,
1062 2990 1279 3079 primogenita
1325 3013 1407 3070 ante

262 3098 318 3146 selei
457 3089 522 3138 scaest
650 3088 671 3137 ic
751 3104 798 3138 srae
885 3089 957 3138 liban'
1053 3109 1083 3140 iio
1139 3099 1218 3148 corfen
1279 3103 1300 3152 ic
1312 3119 1383 3167 pann

234 3179 360 3226 omnem
397 3161 592 3230 creaturam3
634 3172 693 3236 ego
730 3150 821 3238 quasi
868 3151 992 3220 libanus
1040 3176 1105 3228 non
1140 3160 1226 3228 cisiis
1256 3165 1407 3234 laboravi
1488 3229 1489 3242 ,

292 3258 405 3323 pvnvnise
520 3256 569 3304 min
656 3255 801 3318 *jsvaelce
828 3253 957 3304 bebeteste
965 3258 1033 3306 recila
1081 3262 1215 3314 rublondcn
1324 3278 1398 3320 staria
1488 3255 1489 3286 l

232 3320 460 3403 habitationem
495 3340 607 3396 meam,
645 3329 679 3384 et
715 3317 804 3404 quasi
840 3318 1016 3388 balsamum
1052 3344 1117 3390 non
1145 3328 1285 3396 mixtum
1319 3335 1407 3400 odor

249 3428 298 3478 min
363 3439 380 3487 ¹1
422 3424 510 3472 svoelcc
549 3421 710 3498 eardhifingl
751 3420 871 3497 iogiiabte
927 3423 987 3486 telgo
1051 3429 1114 3477 mino
1171 3447 1188 3496 Ἰ
1222 3436 1327 3499 tviggoi

233 3511 332 3564 meus,
361 3497 393 3552 et
421 3486 512 3574 quasi
541 3488 717 3551 terebintus
746 3484 874 3548 extendi
902 3507 1005 3552 ramos
1034 3511 1132 3573 meos,
1162 3506 1196 3564 et
1223 3499 1307 3568 rami
1333 3503 1406 3568 mei

232 3592 368 3722 porbvnges
391 3607 408 3655 ‘J
457 3591 534 3668 gefe:-

256 3678 361 3723 onoris
382 3665 416 3722 et
440 3665 551 3763 gretip.

655 3797 742 3838 ITEM
766 3797 946 3842 carinum.

394 3939 425 3969 an
473 3920 494 3967 is
558 3917 629 3964 cvlfia
687 3917 755 3970 -mino
811 3918 912 3967 visfaesto
955 3921 1017 3970 mino
1065 3924 1114 3972 min
1154 3927 1175 3976 i,
1215 3933 1297 3981 moder
1330 3935 1373 3985 his

278 3989 337 4074 (1.)
364 3986 440 4050 Una
456 3991 505 4047 est
527 3979 673 4046 columba
691 4002 770 4056 mea,
794 3982 934 4067 perfecta
951 4005 1029 4063 mea,
1053 4009 1118 4052 una
1137 4001 1187 4056 est
1202 3997 1297 4060 matri
1313 4020 1403 4078 suae,

232 4093 323 4156 gicoren
377 4087 493 4151 gioennice
541 4084 579 4132 his
665 4085 759 4148 gisegon
824 4085 863 4134 hia
906 4087 1001 4136 dohtoro
1043 4104 1060 4156 Ἰ
1158 4097 1230 4159 ,2530
1338 4103 1385 4154 hia

233 4157 335 4221 electa
354 4148 507 4237 genetrici
528 4169 615 4226 suae3
637 4149 785 4214 viderunt
804 4148 890 4214 illam
912 4150 1004 4229 filiae,
1030 4163 1063 4217 et
1082 4155 1300 4228 beatissimam
1322 4188 1403 4232 eam

312 4257 418 4308 bodadou
509 4271 593 4302 cvoeiio
637 4267 654 4317 Ἰ
720 4254 798 4302 cefisos
863 4277 865 4281 ·
910 4255 1034 4317 giheredcn
1114 4259 1155 4310 liia

227 4322 482 4408 praedicaverunt
494 4317 615 4432 reginp,
633 4327 665 4382 et
680 4316 856 4430 concubinp
870 4318 1078 4404 laudaverunt
1092 4344 1172 4390 eam.
