2986 5074
462 535 695 581 aucto-snxou
719 538 851 582 amuco.
1196 530 1237 588 43

238 691 343 724 ....oen
424 675 511 724 mtaeat’
598 675 641 724 tin
739 677 827 725 vebid'
951 676 1023 725 driht'
1092 679 1235 730 v'ndcrliiode

121 738 202 822 (24.)
230 738 362 802 Movcat
391 737 544 822 pietatem
573 747 670 816 tuam,
702 760 884 824 quesumus,
912 740 1061 820 Domine,
1092 744 1234 828 subjecte

76 838 134 966 tilii
165 841 267 992 pillecliis
297 849 438 980 pffecffi
464 855 497 968 ei
522 903 768 969 misericordiam
794 913 882 970 tuam
912 905 1102 992 supplicatio
1132 908 1234 976 fidelis

74 1058 225 1138 obtineat,
263 1069 300 1126 ut
336 1055 422 1147 quod
458 1063 578 1128 meritis
615 1085 679 1128 non
716 1065 890 1152 praesumit,
928 1065 1136 1152 indulgentiae
1166 1077 1232 1132 tuae

74 1217 221 1302 largitato
235 1219 401 1307 percipiat,
417 1243 475 1306 per

250 1354 354 1418 'yndig
380 1371 434 1405 vocs
445 1355 479 1404 liv
555 1357 643 1406 vebid'
755 1359 828 1408 driht'
892 1359 1051 1434 asvncgenisae
1093 1353 1205 1408 mennisc'

117 1415 199 1498 (25.)
224 1369 352 1483 lidimor
391 1428 468 1495 esto,
502 1440 684 1504 quesumus,
709 1421 857 1497 Domine,
874 1421 1054 1505 sragihtatrs
1080 1421 1229 1526 humant?

81 1516 287 1578 7l5al3oll5vlio
304 1520 398 1570 rehtlice
414 1519 546 1569 llvllerstes
610 1523 710 1583 synfvllo
791 1539 850 1585 spaer
898 1523 1010 1570 mildelice
1037 1522 1100 1572 llam
1110 1529 1232 1574 asvoencti

73 1588 106 1642 ct
175 1581 231 1665 qui
307 1583 394 1667 juste
408 1586 553 1648 verberas
569 1593 760 1668 peccatores,
777 1607 872 1670 parce
888 1585 1044 1671 propitius
1074 1587 1206 1664 afflictis,

94 1681 112 1728 a

73 1765 130 1828 per
143 1745 321 1816 Dominum

213 1879 296 1929 alaes
327 1879 583 1948 Sugitelalhenecff)
676 1882 730 1932 elm'
859 1884 905 1946 god
1001 1884 1045 1932 sole
1152 1883 1196 1932 ain

115 1943 197 2025 (26.)
232 1897 285 2008 lue
372 1945 535 2031 despicias,
603 1947 802 2033 omnipotens
828 1945 929 2022 Deus,
954 1947 1108 2033 populum
1138 1956 1229 2012 tuum

69 2043 94 2091 in
158 2046 285 2108 gisvoencl
374 2049 507 2110 clioppende
588 2049 618 2098 ah
710 2049 744 2097 f'e
842 2049 939 2111 pvldvre
1019 2066 1086 2098 nome
1157 2049 1227 2098 &ines

69 2105 102 2170 in
137 2108 307 2174 afflictione
345 2110 541 2188 clamantem,
580 2112 637 2176 sed
667 2121 798 2197 propter
830 2111 963 2196 gloriam
996 2111 1131 2177 nominis
1164 2113 1212 2176 tui

95 2212 205 2258 costcnd?
258 2213 382 2266 vndcriom
424 2214 567 2276 gicvoemlice
616 2213 634 2260 a

69 2273 228 2339 tribulatis
250 2296 399 2342 succurre
420 2276 574 2361 placatus,
598 2298 656 2363 per
677 2277 853 2341 Dominum

270 2417 406 2477 cootnvncge
526 2426 610 2459 vserno
664 2440 668 2449 ·
713 2413 804 2460 vebid'
927 2413 999 2461 driht'
1100 2413 1193 2460 rvmlice

111 2474 194 2557 (27.)
218 2472 472 2540 Tribulationcm
501 2483 649 2550 nostram,
684 2495 865 2560 quesumus,
893 2474 1040 2552 Domine,
1069 2475 1226 2559 propitius

65 2575 189 2624 eltbihald
245 2591 261 2639 7
313 2577 372 2624 iorrc
410 2575 486 2625 liinrae
578 2575 679 2652 praelllie
839 2580 858 2637 (5
929 2577 1024 2626 rehtlice
1056 2575 1210 2638 vegieamiali

66 2639 199 2723 respice,
237 2648 270 2703 et
302 2638 382 2702 iram
418 2649 484 2704 tuae
520 2638 754 2724 indignationis,
793 2661 888 2724 quam
929 2640 1016 2724 juste
1055 2660 1222 2716 meremur,

97 2741 213 2790 mildelice
261 2742 392 2804 ymbvoend
432 2740 450 2790 a

66 2803 256 2890 propitiatus
278 2813 394 2880 averte,
417 2825 475 2892 per
496 2803 671 2868 Dominum

246 2939 326 2988 bihald
438 2938 526 2990 vebid'
654 2938 725 3014 driht'
822 2940 895 2988 beodo
975 2955 1028 2987 vora
1093 2955 1109 3002 7
1147 2938 1223 3016 &alte

110 3002 193 3086 (28.)
218 3002 361 3078 Intende,
400 3021 582 3086 quesumus,
616 2999 764 3078 Domine,
795 3023 905 3085 preces
933 3011 1066 3077 nostras,
1094 3011 1127 3065 et
1157 3024 1213 3086 qur

80 3119 111 3152 no
138 3105 393 3169 pyrcendelpyrcyng
415 3103 561 3152 solifaeatnise
621 3103 734 3164 gemuisse
790 3102 960 3165 pegiearnigali
988 3105 1223 3164 liteveseasvoencte

66 3187 130 3230 non
190 3168 349 3253 operando
404 3165 560 3252 justitiam
582 3165 780 3249 correptione
801 3186 959 3228 meremur
1029 3166 1147 3241 afflicti,

66 3270 91 3318 in
155 3277 264 3333 costunge
331 3269 468 3332 .ceigcnde
533 3267 700 3328 eftvegiblave
722 3266 887 3328 ttevcgihcre

66 3331 100 3395 in
114 3333 319 3398 tribulatione
334 3333 506 3398 clamantes
520 3329 711 3415 respiremus
754 3328 864 3405 auditi,
899 3349 956 3412 per

152 3549 238 3594 ruam
259 3548 356 3606 An1A3
383 3546 558 3592 meremus
580 3524 648 3589 cne’
671 3543 839 3588 russonum
861 3530 1135 3588 souommmruru.
1216 3539 1218 3544 ⁴

291 3665 333 3709 nu
352 3663 481 3708 urrann
504 3662 619 3710 saucit
642 3661 805 3706 scurnum
827 3660 998 3704 Maamars.

201 3781 228 3829 in
270 3781 352 3844 dagvm
395 3778 458 3827 liaem
535 3775 622 3828 Stcdan’
735 3744 791 3824 fvll'
866 3774 916 3837 gefe
981 3788 998 3835 7
1065 3779 1155 3834 strange

111 3844 170 3928 (1.)
196 3843 236 3907 In
261 3843 373 3907 diebus
396 3841 468 3920 illis,
494 3840 684 3926 Stephanus,
708 3839 822 3924 plenus
848 3835 949 3922 gratia
972 3843 1005 3898 et
1026 3833 1221 3912 fortitudine,

65 3946 191 4010 hegidyde
229 3945 273 3994 soll
282 3953 362 3994 taceno
387 3959 404 4008 7
431 3945 515 3993 beceno
555 3943 623 3992 micla
665 3942 691 3989 in
732 3941 789 3988 tolca
959 3939 962 3946 '

65 4011 200 4075 faciebat
222 4008 367 4096 prodigia
381 4016 413 4073 et
428 4007 518 4092 signa
531 4026 647 4090 magna
660 4003 693 4068 in
708 4001 837 4088 populo.

247 4143 337 4192 arioson
468 4145 529 4190 simo
603 4139 629 4185 ol
652 4136 838 4197 ltaersomnvnge
864 4133 905 4181 oio
942 4133 1102 4196 isgcclioppad
1157 4133 1224 4183 liber·

108 4207 169 4292 (2.)
195 4207 411 4270 Surrexcrunt
432 4204 560 4290 quidam
589 4201 628 4265 de
659 4199 817 4282 sinagoga,
849 4215 913 4304 qup
944 4196 1100 4282 apellatur
1129 4195 1223 4262 liber*

63 4309 108 4357 tin'
245 4325 262 4372 7
312 4305 447 4371 Gymncnt’‘
492 4322 508 4370 7
639 4299 740 4350 Alexan'
871 4315 887 4363 7
937 4299 995 4348 llara
1037 4298 1108 4376 &alte
1139 4316 1210 4349 veron

64 4371 204 4438 tinorum
228 4382 262 4439 et
277 4371 464 4456 Cyrentium
486 4378 520 4435 et
539 4363 836 4442 Alexandrinorum,
860 4373 893 4428 ct
917 4383 1025 4428 eorum
1050 4384 1105 4446 qu1
1131 4373 1221 4430 erant
