<?xml version="1.0" encoding="UTF-8"?>
<!DOCTYPE html PUBLIC "-//W3C//DTD XHTML 1.0 Transitional//EN"
    "http://www.w3.org/TR/xhtml1/DTD/xhtml1-transitional.dtd">
<html xmlns="http://www.w3.org/1999/xhtml" xml:lang="en" lang="en">
 <head>
  <title>
</title>
<meta http-equiv="Content-Type" content="text/html;charset=utf-8" />
  <meta name='ocr-system' content='tesseract 3.04.00' />
  <meta name='ocr-capabilities' content='ocr_page ocr_carea ocr_par ocr_line ocrx_word'/>
</head>
<body>
  <div class='ocr_page' id='page_1' title='image "./ritualeecclesid00churgoog_0081.png"; bbox 0 0 2986 5074; ppageno 0'>
   <div class='ocr_carea' id='block_1_1' title="bbox 262 486 1023 545">
    <p class='ocr_par' dir='ltr' id='par_1_1' title="bbox 262 486 1023 545">
     <span class='ocr_line' id='line_1_1' title="bbox 262 486 1023 545; baseline -0.012 0"><span class='ocrx_word' id='word_1_1' title='bbox 262 486 303 545; x_wconf 87' lang='grc'>60</span> <span class='ocrx_word' id='word_1_2' title='bbox 635 493 868 540; x_wconf 68' lang='lat' dir='ltr'>nunno-snos</span> <span class='ocrx_word' id='word_1_3' title='bbox 892 492 1023 537; x_wconf 75' lang='lat' dir='ltr'>atrurn.</span> 
     </span>
    </p>
   </div>
   <div class='ocr_carea' id='block_1_2' title="bbox 261 633 1423 932">
    <p class='ocr_par' dir='ltr' id='par_1_2' title="bbox 261 633 1423 870">
     <span class='ocr_line' id='line_1_2' title="bbox 293 633 1420 699; baseline -0.01 -11"><span class='ocrx_word' id='word_1_4' title='bbox 293 639 334 688; x_wconf 87' lang='lat' dir='ltr'>ivh</span> <span class='ocrx_word' id='word_1_5' title='bbox 426 640 446 696; x_wconf 71' lang='lat' dir='ltr'>ll</span> <span class='ocrx_word' id='word_1_6' title='bbox 513 652 529 699; x_wconf 99' lang='lat'><em>7</em></span> <span class='ocrx_word' id='word_1_7' title='bbox 584 637 621 698; x_wconf 85' lang='lat' dir='ltr'>gie</span> <span class='ocrx_word' id='word_1_8' title='bbox 632 636 745 698; x_wconf 81' lang='lat' dir='ltr'>onlongon</span> <span class='ocrx_word' id='word_1_9' title='bbox 794 636 819 683; x_wconf 89' lang='lat' dir='ltr'>in</span> <span class='ocrx_word' id='word_1_10' title='bbox 866 634 915 682; x_wconf 70' lang='lat' dir='ltr'>lion</span> <span class='ocrx_word' id='word_1_11' title='bbox 949 648 981 682; x_wconf 69' lang='lat' dir='ltr'>mo</span> <span class='ocrx_word' id='word_1_12' title='bbox 998 633 1141 697; x_wconf 79' lang='lat' dir='ltr'>glestondns</span> <span class='ocrx_word' id='word_1_13' title='bbox 1173 633 1234 682; x_wconf 70' lang='lat' dir='ltr'>lierh</span> <span class='ocrx_word' id='word_1_14' title='bbox 1300 633 1320 692; x_wconf 53' lang='grc' dir='ltr'>ᾖ</span> <span class='ocrx_word' id='word_1_15' title='bbox 1387 647 1420 678; x_wconf 77' lang='lat' dir='ltr'>irc</span> 
     </span>
     <span class='ocr_line' id='line_1_3' title="bbox 261 695 1423 786; baseline -0.007 -20"><span class='ocrx_word' id='word_1_16' title='bbox 261 703 359 777; x_wconf 88' lang='lat' dir='ltr'>vobis,</span> <span class='ocrx_word' id='word_1_17' title='bbox 391 700 475 786; x_wconf 93' lang='lat' dir='ltr'>quod</span> <span class='ocrx_word' id='word_1_18' title='bbox 505 710 538 764; x_wconf 87' lang='lat' dir='ltr'>ct</span> <span class='ocrx_word' id='word_1_19' title='bbox 574 699 749 785; x_wconf 79' lang='lat' dir='ltr'>accepistis,</span> <span class='ocrx_word' id='word_1_20' title='bbox 786 698 820 762; x_wconf 88' lang='lat' dir='ltr'>in</span> <span class='ocrx_word' id='word_1_21' title='bbox 855 720 919 783; x_wconf 94' lang='lat' dir='ltr'>quo</span> <span class='ocrx_word' id='word_1_22' title='bbox 948 708 981 762; x_wconf 89' lang='lat' dir='ltr'>et</span> <span class='ocrx_word' id='word_1_23' title='bbox 1020 697 1120 775; x_wconf 86' lang='lat' dir='ltr'>statis,</span> <span class='ocrx_word' id='word_1_24' title='bbox 1173 719 1232 784; x_wconf 88' lang='lat' dir='ltr'>per</span> <span class='ocrx_word' id='word_1_25' title='bbox 1270 695 1358 782; x_wconf 92' lang='lat' dir='ltr'>quod</span> <span class='ocrx_word' id='word_1_26' title='bbox 1390 707 1423 759; x_wconf 91' lang='lat' dir='ltr'>et</span> 
     </span>
     <span class='ocr_line' id='line_1_4' title="bbox 264 804 510 870; baseline -0.012 -15"><span class='ocrx_word' id='word_1_27' title='bbox 264 807 301 870; x_wconf 80' lang='lat' dir='ltr'>gie</span> <span class='ocrx_word' id='word_1_28' title='bbox 311 804 387 854; x_wconf 68' lang='lat' dir='ltr'>bicon</span> <span class='ocrx_word' id='word_1_29' title='bbox 397 805 510 867; x_wconf 75' lang='lat' dir='ltr'>gihaeledo</span> 
     </span>
    </p>

    <p class='ocr_par' dir='ltr' id='par_1_3' title="bbox 308 863 479 932">
     <span class='ocr_line' id='line_1_5' title="bbox 308 863 479 932; baseline -0.012 0"><span class='ocrx_word' id='word_1_30' title='bbox 308 863 479 932; x_wconf 87' lang='lat' dir='ltr'>salvemini</span> 
     </span>
    </p>
   </div>
   <div class='ocr_carea' id='block_1_3' title="bbox 267 1000 1424 1320">
    <p class='ocr_par' dir='ltr' id='par_1_4' title="bbox 427 1000 1422 1066">
     <span class='ocr_line' id='line_1_6' title="bbox 427 1000 1422 1066; baseline -0.003 -16"><span class='ocrx_word' id='word_1_31' title='bbox 427 1002 448 1050; x_wconf 86' lang='lat' dir='ltr'>io</span> <span class='ocrx_word' id='word_1_32' title='bbox 490 1001 559 1050; x_wconf 76' lang='lat' dir='ltr'>f&#39;lton</span> <span class='ocrx_word' id='word_1_33' title='bbox 607 1018 645 1051; x_wconf 85' lang='lat' dir='ltr'>am</span> <span class='ocrx_word' id='word_1_34' title='bbox 716 1003 794 1050; x_wconf 73' lang='lat' dir='ltr'>lusest</span> <span class='ocrx_word' id='word_1_35' title='bbox 890 1003 947 1052; x_wconf 78' lang='lat' dir='ltr'>allra</span> <span class='ocrx_word' id='word_1_36' title='bbox 1076 1006 1164 1066; x_wconf 83' lang='lat' dir='ltr'>aposto&#39;</span> <span class='ocrx_word' id='word_1_37' title='bbox 1261 1000 1331 1052; x_wconf 74' lang='lat' dir='ltr'>solie</span> <span class='ocrx_word' id='word_1_38' title='bbox 1360 1001 1422 1048; x_wconf 85' lang='lat' dir='ltr'>ione</span> 
     </span>
    </p>

    <p class='ocr_par' dir='ltr' id='par_1_5' title="bbox 311 1065 1421 1152">
     <span class='ocr_line' id='line_1_7' title="bbox 311 1065 1421 1152; baseline -0.003 -22"><span class='ocrx_word' id='word_1_39' title='bbox 311 1066 370 1150; x_wconf 76' lang='lat'>(2.)</span> <span class='ocrx_word' id='word_1_40' title='bbox 396 1065 467 1150; x_wconf 85' lang='lat' dir='ltr'>Ego</span> <span class='ocrx_word' id='word_1_41' title='bbox 481 1065 566 1130; x_wconf 89' lang='lat' dir='ltr'>enim</span> <span class='ocrx_word' id='word_1_42' title='bbox 589 1087 659 1130; x_wconf 90' lang='lat' dir='ltr'>sum</span> <span class='ocrx_word' id='word_1_43' title='bbox 683 1066 831 1130; x_wconf 90' lang='lat' dir='ltr'>minimus</span> <span class='ocrx_word' id='word_1_44' title='bbox 857 1066 997 1130; x_wconf 90' lang='lat' dir='ltr'>omnium</span> <span class='ocrx_word' id='word_1_45' title='bbox 1023 1066 1246 1152; x_wconf 87' lang='lat' dir='ltr'>apostolorum,</span> <span class='ocrx_word' id='word_1_46' title='bbox 1274 1065 1331 1151; x_wconf 92' lang='lat' dir='ltr'>qui</span> <span class='ocrx_word' id='word_1_47' title='bbox 1357 1085 1421 1128; x_wconf 89' lang='lat' dir='ltr'>non</span> 
     </span>
    </p>

    <p class='ocr_par' dir='ltr' id='par_1_6' title="bbox 267 1168 1424 1320">
     <span class='ocr_line' id='line_1_8' title="bbox 281 1168 1408 1233; baseline -0.002 -15"><span class='ocrx_word' id='word_1_48' title='bbox 281 1186 320 1218; x_wconf 85' lang='lat' dir='ltr'>am</span> <span class='ocrx_word' id='word_1_49' title='bbox 395 1168 474 1233; x_wconf 73' lang='lat' dir='ltr'>pyrlle</span> <span class='ocrx_word' id='word_1_50' title='bbox 497 1169 729 1232; x_wconf 58' lang='lat' dir='ltr'>ptoiosegioliopad</span> <span class='ocrx_word' id='word_1_51' title='bbox 755 1169 895 1232; x_wconf 81' lang='lat' dir='ltr'>erendpraoa</span> <span class='ocrx_word' id='word_1_52' title='bbox 973 1169 1043 1220; x_wconf 75' lang='lat' dir='ltr'>l&#39;llon</span> <span class='ocrx_word' id='word_1_53' title='bbox 1146 1170 1284 1233; x_wconf 79' lang='lat' dir='ltr'>gioehtendo</span> <span class='ocrx_word' id='word_1_54' title='bbox 1368 1184 1408 1216; x_wconf 88' lang='lat' dir='ltr'>am</span> 
     </span>
     <span class='ocr_line' id='line_1_9' title="bbox 267 1231 1424 1320; baseline -0.004 -22"><span class='ocrx_word' id='word_1_55' title='bbox 267 1255 338 1298; x_wconf 89' lang='lat' dir='ltr'>sum</span> <span class='ocrx_word' id='word_1_56' title='bbox 374 1233 491 1318; x_wconf 87' lang='lat' dir='ltr'>dignus</span> <span class='ocrx_word' id='word_1_57' title='bbox 555 1233 661 1296; x_wconf 87' lang='lat' dir='ltr'>vocari</span> <span class='ocrx_word' id='word_1_58' title='bbox 733 1231 904 1318; x_wconf 84' lang='lat' dir='ltr'>apostolus,</span> <span class='ocrx_word' id='word_1_59' title='bbox 936 1233 1085 1320; x_wconf 88' lang='lat' dir='ltr'>quoniam</span> <span class='ocrx_word' id='word_1_60' title='bbox 1124 1243 1310 1320; x_wconf 89' lang='lat' dir='ltr'>persecutus</span> <span class='ocrx_word' id='word_1_61' title='bbox 1353 1253 1424 1294; x_wconf 91' lang='lat' dir='ltr'>sum</span> 
     </span>
    </p>
   </div>
   <div class='ocr_carea' id='block_1_4' title="bbox 268 1333 1424 1485">
    <p class='ocr_par' dir='ltr' id='par_1_7' title="bbox 268 1333 1424 1485">
     <span class='ocr_line' id='line_1_10' title="bbox 316 1333 1423 1401; baseline -0.004 -17"><span class='ocrx_word' id='word_1_62' title='bbox 316 1336 384 1384; x_wconf 82' lang='lat' dir='ltr'>cirion</span> <span class='ocrx_word' id='word_1_63' title='bbox 509 1333 1423 1401; x_wconf 64' lang='lat' dir='ltr'>ngeogoderampauicam7gefehisin</span> 
     </span>
     <span class='ocr_line' id='line_1_11' title="bbox 268 1397 1424 1485; baseline -0.004 -21"><span class='ocrx_word' id='word_1_64' title='bbox 268 1399 445 1464; x_wconf 73' lang='lat' dir='ltr'>aecclesiam</span> <span class='ocrx_word' id='word_1_65' title='bbox 495 1398 542 1475; x_wconf 91' lang='lat' dir='ltr'>ei;</span> <span class='ocrx_word' id='word_1_66' title='bbox 573 1397 675 1482; x_wconf 84' lang='lat' dir='ltr'>gratia</span> <span class='ocrx_word' id='word_1_67' title='bbox 689 1398 754 1462; x_wconf 89' lang='lat' dir='ltr'>Dei</span> <span class='ocrx_word' id='word_1_68' title='bbox 776 1419 846 1462; x_wconf 89' lang='lat' dir='ltr'>sum</span> <span class='ocrx_word' id='word_1_69' title='bbox 866 1398 899 1462; x_wconf 91' lang='lat' dir='ltr'>id</span> <span class='ocrx_word' id='word_1_70' title='bbox 923 1400 1009 1485; x_wconf 93' lang='lat' dir='ltr'>quod</span> <span class='ocrx_word' id='word_1_71' title='bbox 1030 1421 1110 1476; x_wconf 86' lang='lat' dir='ltr'>sum,</span> <span class='ocrx_word' id='word_1_72' title='bbox 1136 1409 1169 1464; x_wconf 90' lang='lat' dir='ltr'>et</span> <span class='ocrx_word' id='word_1_73' title='bbox 1182 1398 1285 1484; x_wconf 85' lang='lat' dir='ltr'>gratia</span> <span class='ocrx_word' id='word_1_74' title='bbox 1304 1397 1376 1482; x_wconf 88' lang='lat' dir='ltr'>ejus</span> <span class='ocrx_word' id='word_1_75' title='bbox 1392 1397 1424 1460; x_wconf 90' lang='lat' dir='ltr'>in</span> 
     </span>
    </p>
   </div>
   <div class='ocr_carea' id='block_1_5' title="bbox 267 1499 1426 1983">
    <p class='ocr_par' dir='ltr' id='par_1_8' title="bbox 267 1499 1426 1983">
     <span class='ocr_line' id='line_1_12' title="bbox 267 1499 1411 1567; baseline -0.003 -16"><span class='ocrx_word' id='word_1_76' title='bbox 267 1519 317 1552; x_wconf 84' lang='lat' dir='ltr'>mec</span> <span class='ocrx_word' id='word_1_77' title='bbox 361 1502 403 1550; x_wconf 90' lang='lat' dir='ltr'>idil</span> <span class='ocrx_word' id='word_1_78' title='bbox 475 1518 506 1550; x_wconf 86' lang='lat' dir='ltr'>no</span> <span class='ocrx_word' id='word_1_79' title='bbox 571 1517 604 1550; x_wconf 85' lang='lat' dir='ltr'>oes</span> <span class='ocrx_word' id='word_1_80' title='bbox 668 1499 776 1567; x_wconf 71' lang='lat' dir='ltr'>noenigfs</span> <span class='ocrx_word' id='word_1_81' title='bbox 795 1517 844 1550; x_wconf 90' lang='lat' dir='ltr'>com</span> <span class='ocrx_word' id='word_1_82' title='bbox 861 1502 942 1565; x_wconf 77' lang='lat' dir='ltr'>igendo</span> <span class='ocrx_word' id='word_1_83' title='bbox 968 1504 1027 1566; x_wconf 77' lang='lat' dir='ltr'>gode</span> <span class='ocrx_word' id='word_1_84' title='bbox 1075 1503 1160 1566; x_wconf 76' lang='lat' dir='ltr'>gilirlde</span> <span class='ocrx_word' id='word_1_85' title='bbox 1204 1503 1259 1550; x_wconf 88' lang='lat' dir='ltr'>hino</span> <span class='ocrx_word' id='word_1_86' title='bbox 1297 1502 1411 1565; x_wconf 80' lang='lat' dir='ltr'>gimotvm</span> 
     </span>
     <span class='ocr_line' id='line_1_13' title="bbox 267 1515 1424 1652; baseline -0.003 -22"><span class='ocrx_word' id='word_1_87' title='bbox 267 1588 319 1630; x_wconf 88' lang='lat' dir='ltr'>me</span> <span class='ocrx_word' id='word_1_88' title='bbox 334 1587 434 1630; x_wconf 92' lang='lat' dir='ltr'>vacua</span> <span class='ocrx_word' id='word_1_89' title='bbox 458 1586 523 1631; x_wconf 89' lang='lat' dir='ltr'>non</span> <span class='ocrx_word' id='word_1_90' title='bbox 548 1515 618 1629; x_wconf 75' lang='lat' dir='ltr'>luit,</span> <span class='ocrx_word' id='word_1_91' title='bbox 673 1565 776 1630; x_wconf 90' lang='lat' dir='ltr'>Nemo</span> <span class='ocrx_word' id='word_1_92' title='bbox 800 1518 939 1632; x_wconf 84' lang='lat' dir='ltr'>militans</span> <span class='ocrx_word' id='word_1_93' title='bbox 964 1567 1036 1632; x_wconf 92' lang='lat' dir='ltr'>Deo</span> <span class='ocrx_word' id='word_1_94' title='bbox 1059 1567 1193 1652; x_wconf 75' lang='lat' dir='ltr'>inplicat</span> <span class='ocrx_word' id='word_1_95' title='bbox 1221 1588 1256 1630; x_wconf 86' lang='lat' dir='ltr'>se</span> <span class='ocrx_word' id='word_1_96' title='bbox 1285 1565 1424 1649; x_wconf 84' lang='lat' dir='ltr'>negotiis</span> 
     </span>
     <span class='ocr_line' id='line_1_14' title="bbox 300 1667 1423 1743; baseline -0.003 -26"><span class='ocrx_word' id='word_1_97' title='bbox 300 1670 427 1734; x_wconf 66' lang='lat' dir='ltr'>porvldlio?</span> <span class='ocrx_word' id='word_1_98' title='bbox 509 1671 554 1729; x_wconf 55' lang='lat' dir='ltr'>pte</span> <span class='ocrx_word' id='word_1_99' title='bbox 579 1668 627 1716; x_wconf 89' lang='lat' dir='ltr'>him</span> <span class='ocrx_word' id='word_1_100' title='bbox 662 1669 777 1731; x_wconf 85' lang='lat' dir='ltr'>gicvoeme</span> <span class='ocrx_word' id='word_1_101' title='bbox 808 1668 871 1717; x_wconf 74' lang='lat' dir='ltr'>aaem</span> <span class='ocrx_word' id='word_1_102' title='bbox 887 1671 942 1718; x_wconf 85' lang='lat' dir='ltr'>hine</span> <span class='ocrx_word' id='word_1_103' title='bbox 990 1671 1124 1734; x_wconf 46' lang='lat' dir='ltr'>gioostade,</span> <span class='ocrx_word' id='word_1_104' title='bbox 1177 1669 1263 1718; x_wconf 62' lang='lat' dir='ltr'>forsson</span> <span class='ocrx_word' id='word_1_105' title='bbox 1296 1682 1330 1715; x_wconf 74' lang='lat' dir='ltr'>mc</span> <span class='ocrx_word' id='word_1_106' title='bbox 1352 1684 1376 1715; x_wconf 86' lang='lat' dir='ltr'>se</span> <span class='ocrx_word' id='word_1_107' title='bbox 1390 1667 1423 1743; x_wconf 60' lang='lat' dir='ltr'>ap</span> 
     </span>
     <span class='ocr_line' id='line_1_15' title="bbox 268 1731 1418 1820; baseline -0.004 -22"><span class='ocrx_word' id='word_1_108' title='bbox 268 1733 472 1808; x_wconf 86' lang='lat' dir='ltr'>secularibus,</span> <span class='ocrx_word' id='word_1_109' title='bbox 514 1741 551 1796; x_wconf 88' lang='lat' dir='ltr'>ut</span> <span class='ocrx_word' id='word_1_110' title='bbox 586 1731 617 1797; x_wconf 87' lang='lat' dir='ltr'>ei</span> <span class='ocrx_word' id='word_1_111' title='bbox 657 1732 782 1818; x_wconf 88' lang='lat' dir='ltr'>placeat</span> <span class='ocrx_word' id='word_1_112' title='bbox 818 1733 870 1798; x_wconf 91' lang='lat' dir='ltr'>cui</span> <span class='ocrx_word' id='word_1_113' title='bbox 905 1755 940 1798; x_wconf 84' lang='lat' dir='ltr'>se</span> <span class='ocrx_word' id='word_1_114' title='bbox 976 1734 1129 1820; x_wconf 79' lang='lat' dir='ltr'>probavit.</span> <span class='ocrx_word' id='word_1_115' title='bbox 1180 1733 1265 1796; x_wconf 90' lang='lat' dir='ltr'>Nam</span> <span class='ocrx_word' id='word_1_116' title='bbox 1295 1739 1329 1795; x_wconf 90' lang='lat' dir='ltr'>et</span> <span class='ocrx_word' id='word_1_117' title='bbox 1360 1753 1418 1816; x_wconf 87' lang='lat' dir='ltr'>qur</span> 
     </span>
     <span class='ocr_line' id='line_1_16' title="bbox 267 1833 1412 1912; baseline -0.003 -28"><span class='ocrx_word' id='word_1_118' title='bbox 267 1835 373 1900; x_wconf 70' lang='lat' dir='ltr'>giletus</span> <span class='ocrx_word' id='word_1_119' title='bbox 441 1835 466 1883; x_wconf 87' lang='lat' dir='ltr'>in</span> <span class='ocrx_word' id='word_1_120' title='bbox 498 1835 721 1898; x_wconf 80' lang='lat' dir='ltr'>sminglingifeht</span> <span class='ocrx_word' id='word_1_121' title='bbox 802 1851 832 1884; x_wconf 88' lang='lat' dir='ltr'>ne</span> <span class='ocrx_word' id='word_1_122' title='bbox 908 1836 952 1886; x_wconf 74' lang='lat' dir='ltr'>bis</span> <span class='ocrx_word' id='word_1_123' title='bbox 963 1837 1103 1901; x_wconf 76' lang='lat' dir='ltr'>gisiglaestad</span> <span class='ocrx_word' id='word_1_124' title='bbox 1161 1838 1235 1912; x_wconf 78' lang='lat' dir='ltr'>bvtan</span> <span class='ocrx_word' id='word_1_125' title='bbox 1287 1833 1412 1911; x_wconf 69' lang='lat' dir='ltr'>gilepfa&#39;l</span> 
     </span>
     <span class='ocr_line' id='line_1_17' title="bbox 269 1898 1426 1983; baseline -0.002 -19"><span class='ocrx_word' id='word_1_126' title='bbox 269 1908 369 1964; x_wconf 86' lang='lat' dir='ltr'>certat</span> <span class='ocrx_word' id='word_1_127' title='bbox 434 1898 467 1962; x_wconf 92' lang='lat' dir='ltr'>in</span> <span class='ocrx_word' id='word_1_128' title='bbox 569 1919 674 1983; x_wconf 85' lang='lat' dir='ltr'>agone</span> <span class='ocrx_word' id='word_1_129' title='bbox 782 1920 848 1964; x_wconf 92' lang='lat' dir='ltr'>non</span> <span class='ocrx_word' id='word_1_130' title='bbox 916 1910 1086 1966; x_wconf 82' lang='lat' dir='ltr'>coronatur</span> <span class='ocrx_word' id='word_1_131' title='bbox 1164 1902 1226 1966; x_wconf 87' lang='lat' dir='ltr'>nisr</span> <span class='ocrx_word' id='word_1_132' title='bbox 1281 1898 1426 1983; x_wconf 85' lang='lat' dir='ltr'>legrtrme</span> 
     </span>
    </p>
   </div>
   <div class='ocr_carea' id='block_1_6' title="bbox 269 2003 443 2132">
    <p class='ocr_par' dir='ltr' id='par_1_9' title="bbox 269 2003 443 2132">
     <span class='ocr_line' id='line_1_18' title="bbox 301 2003 418 2078; baseline 0.009 -29"><span class='ocrx_word' id='word_1_133' title='bbox 301 2003 387 2065; x_wconf 76' lang='lat' dir='ltr'>gisehte</span> <span class='ocrx_word' id='word_1_134' title='bbox 410 2063 418 2078; x_wconf 83' lang='lat'><strong>.</strong></span> 
     </span>
     <span class='ocr_line' id='line_1_19' title="bbox 269 2073 443 2132; baseline -0.017 0"><span class='ocrx_word' id='word_1_135' title='bbox 269 2073 443 2132; x_wconf 79' lang='lat' dir='ltr'>certaverlt.</span> 
     </span>
    </p>
   </div>
   <div class='ocr_carea' id='block_1_7' title="bbox 271 2193 1477 2518">
    <p class='ocr_par' dir='ltr' id='par_1_10' title="bbox 271 2193 1477 2518">
     <span class='ocr_line' id='line_1_20' title="bbox 437 2193 1408 2262; baseline 0.008 -21"><span class='ocrx_word' id='word_1_136' title='bbox 437 2193 483 2256; x_wconf 76' lang='lat' dir='ltr'>god</span> <span class='ocrx_word' id='word_1_137' title='bbox 602 2195 675 2257; x_wconf 78' lang='lat' dir='ltr'>gifeht</span> <span class='ocrx_word' id='word_1_138' title='bbox 765 2196 878 2260; x_wconf 77' lang='lat' dir='ltr'>icgifeht</span> <span class='ocrx_word' id='word_1_139' title='bbox 941 2198 1024 2261; x_wconf 79' lang='lat' dir='ltr'>erning</span> <span class='ocrx_word' id='word_1_140' title='bbox 1118 2199 1262 2262; x_wconf 82' lang='lat' dir='ltr'>iogiendade</span> <span class='ocrx_word' id='word_1_141' title='bbox 1356 2200 1408 2249; x_wconf 84' lang='lat' dir='ltr'>lva</span> 
     </span>
     <span class='ocr_line' id='line_1_21' title="bbox 315 2255 1477 2340; baseline 0.005 -20"><span class='ocrx_word' id='word_1_142' title='bbox 315 2256 374 2340; x_wconf 82' lang='lat'>(3.)</span> <span class='ocrx_word' id='word_1_143' title='bbox 401 2255 525 2321; x_wconf 91' lang='lat' dir='ltr'>Bonum</span> <span class='ocrx_word' id='word_1_144' title='bbox 562 2268 720 2322; x_wconf 85' lang='lat' dir='ltr'>certamen</span> <span class='ocrx_word' id='word_1_145' title='bbox 758 2260 884 2337; x_wconf 82' lang='lat' dir='ltr'>certavi,</span> <span class='ocrx_word' id='word_1_146' title='bbox 921 2282 1048 2326; x_wconf 89' lang='lat' dir='ltr'>cursum</span> <span class='ocrx_word' id='word_1_147' title='bbox 1075 2263 1300 2340; x_wconf 90' lang='lat' dir='ltr'>consummavi,</span> <span class='ocrx_word' id='word_1_148' title='bbox 1330 2263 1428 2328; x_wconf 87' lang='lat' dir='ltr'>fidem</span> <span class='ocrx_word' id='word_1_149' title='bbox 1476 2307 1477 2310; x_wconf 19' lang='grc' dir='ltr'><strong>κ</strong></span> 
     </span>
     <span class='ocr_line' id='line_1_22' title="bbox 272 2357 1424 2431; baseline 0.01 -26"><span class='ocrx_word' id='word_1_150' title='bbox 272 2357 393 2420; x_wconf 73' lang='lat' dir='ltr'>iogiheald</span> <span class='ocrx_word' id='word_1_151' title='bbox 420 2376 450 2406; x_wconf 92' lang='lat' dir='ltr'>on</span> <span class='ocrx_word' id='word_1_152' title='bbox 473 2358 592 2408; x_wconf 63' lang='lat' dir='ltr'>doemlnle</span> <span class='ocrx_word' id='word_1_153' title='bbox 640 2363 729 2410; x_wconf 85' lang='lat' dir='ltr'>asetted</span> <span class='ocrx_word' id='word_1_154' title='bbox 777 2365 798 2411; x_wconf 88' lang='lat' dir='ltr'>is</span> <span class='ocrx_word' id='word_1_155' title='bbox 846 2381 883 2412; x_wconf 91' lang='lat' dir='ltr'>me</span> <span class='ocrx_word' id='word_1_156' title='bbox 948 2364 1020 2427; x_wconf 79' lang='lat' dir='ltr'>sigbe&#39;</span> <span class='ocrx_word' id='word_1_157' title='bbox 1070 2365 1176 2415; x_wconf 74' lang='lat' dir='ltr'>sollfoest&#39;</span> <span class='ocrx_word' id='word_1_158' title='bbox 1242 2370 1262 2428; x_wconf 67' lang='lat' dir='ltr'>lt</span> <span class='ocrx_word' id='word_1_159' title='bbox 1327 2369 1424 2431; x_wconf 79' lang='lat' dir='ltr'>ageldos</span> 
     </span>
     <span class='ocr_line' id='line_1_23' title="bbox 271 2422 1477 2518; baseline 0.011 -34"><span class='ocrx_word' id='word_1_160' title='bbox 271 2422 400 2498; x_wconf 89' lang='lat' dir='ltr'>servavi,</span> <span class='ocrx_word' id='word_1_161' title='bbox 416 2422 449 2485; x_wconf 91' lang='lat' dir='ltr'>in</span> <span class='ocrx_word' id='word_1_162' title='bbox 474 2423 596 2510; x_wconf 90' lang='lat' dir='ltr'>reliquo</span> <span class='ocrx_word' id='word_1_163' title='bbox 616 2427 755 2511; x_wconf 84' lang='lat' dir='ltr'>reposita</span> <span class='ocrx_word' id='word_1_164' title='bbox 769 2436 818 2491; x_wconf 89' lang='lat' dir='ltr'>est</span> <span class='ocrx_word' id='word_1_165' title='bbox 834 2426 912 2490; x_wconf 89' lang='lat' dir='ltr'>mihi</span> <span class='ocrx_word' id='word_1_166' title='bbox 927 2449 1043 2494; x_wconf 90' lang='lat' dir='ltr'>corona</span> <span class='ocrx_word' id='word_1_167' title='bbox 1052 2430 1186 2514; x_wconf 87' lang='lat' dir='ltr'>justitie,</span> <span class='ocrx_word' id='word_1_168' title='bbox 1204 2452 1300 2518; x_wconf 90' lang='lat' dir='ltr'>quam</span> <span class='ocrx_word' id='word_1_169' title='bbox 1315 2432 1430 2496; x_wconf 87' lang='lat' dir='ltr'>reddet</span> <span class='ocrx_word' id='word_1_170' title='bbox 1476 2477 1477 2488; x_wconf 26' lang='grc' dir='ltr'><strong>η</strong></span> 
     </span>
    </p>
   </div>
   <div class='ocr_carea' id='block_1_8' title="bbox 270 2526 980 2678">
    <p class='ocr_par' dir='ltr' id='par_1_11' title="bbox 270 2526 980 2678">
     <span class='ocr_line' id='line_1_24' title="bbox 286 2526 970 2579; baseline 0.012 -8"><span class='ocrx_word' id='word_1_171' title='bbox 286 2541 322 2572; x_wconf 88' lang='lat' dir='ltr'>me</span> <span class='ocrx_word' id='word_1_172' title='bbox 404 2526 475 2574; x_wconf 83' lang='lat' dir='ltr'>driht’</span> <span class='ocrx_word' id='word_1_173' title='bbox 539 2543 570 2574; x_wconf 92' lang='lat' dir='ltr'>on</span> <span class='ocrx_word' id='word_1_174' title='bbox 587 2528 650 2576; x_wconf 72' lang='lat' dir='ltr'>sem</span> <span class='ocrx_word' id='word_1_175' title='bbox 743 2529 841 2579; x_wconf 69' lang='lat' dir='ltr'>solllaest</span> <span class='ocrx_word' id='word_1_176' title='bbox 890 2531 970 2579; x_wconf 87' lang='lat' dir='ltr'>doeme</span> 
     </span>
     <span class='ocr_line' id='line_1_25' title="bbox 270 2527 980 2678; baseline 0.013 -29"><span class='ocrx_word' id='word_1_177' title='bbox 270 2587 348 2650; x_wconf 90' lang='lat' dir='ltr'>mihi</span> <span class='ocrx_word' id='word_1_178' title='bbox 363 2589 521 2654; x_wconf 86' lang='lat' dir='ltr'>Dominus</span> <span class='ocrx_word' id='word_1_179' title='bbox 536 2592 569 2654; x_wconf 93' lang='lat' dir='ltr'>in</span> <span class='ocrx_word' id='word_1_180' title='bbox 595 2591 650 2656; x_wconf 90' lang='lat' dir='ltr'>illa</span> <span class='ocrx_word' id='word_1_181' title='bbox 664 2527 716 2658; x_wconf 86' lang='lat' dir='ltr'>die</span> <span class='ocrx_word' id='word_1_182' title='bbox 736 2594 843 2678; x_wconf 90' lang='lat' dir='ltr'>justus</span> <span class='ocrx_word' id='word_1_183' title='bbox 866 2594 980 2658; x_wconf 82' lang='lat' dir='ltr'>ludex.</span> 
     </span>
    </p>
   </div>
   <div class='ocr_carea' id='block_1_9' title="bbox 449 2724 1428 2855">
    <p class='ocr_par' dir='ltr' id='par_1_12' title="bbox 449 2724 1428 2855">
     <span class='ocr_line' id='line_1_26' title="bbox 449 2724 1428 2855; baseline 0.012 -82"><span class='ocrx_word' id='word_1_184' title='bbox 449 2724 520 2774; x_wconf 87' lang='lat' dir='ltr'>driht&#39;</span> <span class='ocrx_word' id='word_1_185' title='bbox 617 2743 654 2776; x_wconf 90' lang='lat' dir='ltr'>me</span> <span class='ocrx_word' id='word_1_186' title='bbox 719 2729 825 2790; x_wconf 78' lang='lat' dir='ltr'>aetgistod</span> <span class='ocrx_word' id='word_1_187' title='bbox 867 2743 883 2792; x_wconf 93' lang='lat'><em>7</em></span> <span class='ocrx_word' id='word_1_188' title='bbox 949 2729 1076 2855; x_wconf 60' lang='lat' dir='ltr'>gitrly&#39;mode</span> <span class='ocrx_word' id='word_1_189' title='bbox 1140 2747 1190 2779; x_wconf 87' lang='lat' dir='ltr'>msc</span> <span class='ocrx_word' id='word_1_190' title='bbox 1224 2735 1268 2793; x_wconf 64' lang='lat' dir='ltr'>Jfite</span> <span class='ocrx_word' id='word_1_191' title='bbox 1292 2733 1354 2784; x_wconf 66' lang='lat' dir='ltr'>{terh</span> <span class='ocrx_word' id='word_1_192' title='bbox 1378 2752 1428 2785; x_wconf 83' lang='lat' dir='ltr'>mer</span> 
     </span>
    </p>
   </div>
   <div class='ocr_carea' id='block_1_10' title="bbox 316 2788 1427 2884">
    <p class='ocr_par' dir='ltr' id='par_1_13' title="bbox 316 2788 1427 2884">
     <span class='ocr_line' id='line_1_27' title="bbox 316 2788 1427 2884; baseline 0.013 -34"><span class='ocrx_word' id='word_1_193' title='bbox 316 2788 375 2871; x_wconf 74' lang='grc'>(4,)</span> <span class='ocrx_word' id='word_1_194' title='bbox 409 2789 567 2854; x_wconf 88' lang='lat' dir='ltr'>Dominus</span> <span class='ocrx_word' id='word_1_195' title='bbox 592 2790 688 2855; x_wconf 91' lang='lat' dir='ltr'>michi</span> <span class='ocrx_word' id='word_1_196' title='bbox 714 2791 836 2856; x_wconf 85' lang='lat' dir='ltr'>adstitit</span> <span class='ocrx_word' id='word_1_197' title='bbox 864 2801 898 2856; x_wconf 88' lang='lat' dir='ltr'>ct</span> <span class='ocrx_word' id='word_1_198' title='bbox 923 2813 981 2856; x_wconf 90' lang='lat' dir='ltr'>con</span> <span class='ocrx_word' id='word_1_199' title='bbox 996 2793 1111 2858; x_wconf 87' lang='lat' dir='ltr'>ortavit</span> <span class='ocrx_word' id='word_1_200' title='bbox 1138 2817 1199 2871; x_wconf 90' lang='lat' dir='ltr'>me,</span> <span class='ocrx_word' id='word_1_201' title='bbox 1231 2808 1268 2861; x_wconf 92' lang='lat' dir='ltr'>ut</span> <span class='ocrx_word' id='word_1_202' title='bbox 1292 2820 1352 2884; x_wconf 92' lang='lat' dir='ltr'>per</span> <span class='ocrx_word' id='word_1_203' title='bbox 1375 2823 1427 2864; x_wconf 90' lang='lat' dir='ltr'>me</span> 
     </span>
    </p>
   </div>
   <div class='ocr_carea' id='block_1_11' title="bbox 273 2889 1476 3210">
    <p class='ocr_par' dir='ltr' id='par_1_14' title="bbox 273 2889 1476 3210">
     <span class='ocr_line' id='line_1_28' title="bbox 286 2889 1388 2962; baseline 0.013 -25"><span class='ocrx_word' id='word_1_204' title='bbox 286 2889 428 2954; x_wconf 75' lang='lat' dir='ltr'>febodvngl</span> <span class='ocrx_word' id='word_1_205' title='bbox 510 2893 647 2956; x_wconf 81' lang='lat' dir='ltr'>siegifylled</span> <span class='ocrx_word' id='word_1_206' title='bbox 728 2909 744 2959; x_wconf 94' lang='lat'><em>7</em></span> <span class='ocrx_word' id='word_1_207' title='bbox 804 2895 882 2958; x_wconf 82' lang='lat' dir='ltr'>gibero</span> <span class='ocrx_word' id='word_1_208' title='bbox 963 2897 1008 2944; x_wconf 82' lang='lat' dir='ltr'>alle</span> <span class='ocrx_word' id='word_1_209' title='bbox 1088 2915 1164 2961; x_wconf 83' lang='lat' dir='ltr'>oynno</span> <span class='ocrx_word' id='word_1_210' title='bbox 1224 2915 1241 2962; x_wconf 94' lang='lat'><em>7</em></span> <span class='ocrx_word' id='word_1_211' title='bbox 1307 2903 1388 2951; x_wconf 83' lang='lat' dir='ltr'>alesed</span> 
     </span>
     <span class='ocr_line' id='line_1_29' title="bbox 273 2954 1426 3046; baseline 0.014 -30"><span class='ocrx_word' id='word_1_212' title='bbox 273 2954 447 3037; x_wconf 87' lang='lat' dir='ltr'>predicatio</span> <span class='ocrx_word' id='word_1_213' title='bbox 468 2956 695 3042; x_wconf 89' lang='lat' dir='ltr'>perimplcatur</span> <span class='ocrx_word' id='word_1_214' title='bbox 719 2968 752 3022; x_wconf 93' lang='lat' dir='ltr'>et</span> <span class='ocrx_word' id='word_1_215' title='bbox 775 2959 906 3023; x_wconf 85' lang='lat' dir='ltr'>audiant</span> <span class='ocrx_word' id='word_1_216' title='bbox 932 2981 1040 3024; x_wconf 88' lang='lat' dir='ltr'>omnes</span> <span class='ocrx_word' id='word_1_217' title='bbox 1064 2971 1193 3046; x_wconf 85' lang='lat' dir='ltr'>gentes3</span> <span class='ocrx_word' id='word_1_218' title='bbox 1217 2974 1250 3032; x_wconf 90' lang='lat' dir='ltr'>et</span> <span class='ocrx_word' id='word_1_219' title='bbox 1269 2964 1426 3032; x_wconf 87' lang='lat' dir='ltr'>liberatus</span> 
     </span>
     <span class='ocr_line' id='line_1_30' title="bbox 285 3058 1407 3133; baseline 0.013 -29"><span class='ocrx_word' id='word_1_220' title='bbox 285 3073 323 3104; x_wconf 81' lang='lat' dir='ltr'>am</span> <span class='ocrx_word' id='word_1_221' title='bbox 374 3058 400 3105; x_wconf 85' lang='lat' dir='ltr'>of</span> <span class='ocrx_word' id='word_1_222' title='bbox 435 3058 492 3106; x_wconf 75' lang='lat' dir='ltr'>mvll</span> <span class='ocrx_word' id='word_1_223' title='bbox 542 3060 589 3108; x_wconf 84' lang='lat' dir='ltr'>leas</span> <span class='ocrx_word' id='word_1_224' title='bbox 677 3063 774 3124; x_wconf 81' lang='lat' dir='ltr'>gifriode</span> <span class='ocrx_word' id='word_1_225' title='bbox 823 3078 872 3110; x_wconf 85' lang='lat' dir='ltr'>msc</span> <span class='ocrx_word' id='word_1_226' title='bbox 937 3063 1008 3110; x_wconf 89' lang='lat' dir='ltr'>driht&#39;</span> <span class='ocrx_word' id='word_1_227' title='bbox 1073 3065 1109 3111; x_wconf 76' lang='lat' dir='ltr'>fro</span> <span class='ocrx_word' id='word_1_228' title='bbox 1152 3066 1207 3114; x_wconf 70' lang='lat' dir='ltr'>mlvi</span> <span class='ocrx_word' id='word_1_229' title='bbox 1242 3067 1316 3117; x_wconf 72' lang='lat' dir='ltr'>mv‘lii</span> <span class='ocrx_word' id='word_1_230' title='bbox 1359 3071 1407 3133; x_wconf 83' lang='lat' dir='ltr'>yfle</span> 
     </span>
     <span class='ocr_line' id='line_1_31' title="bbox 273 3121 1476 3210; baseline 0.013 -27"><span class='ocrx_word' id='word_1_231' title='bbox 273 3141 343 3184; x_wconf 89' lang='lat' dir='ltr'>sum</span> <span class='ocrx_word' id='word_1_232' title='bbox 367 3121 407 3186; x_wconf 87' lang='lat' dir='ltr'>de</span> <span class='ocrx_word' id='word_1_233' title='bbox 438 3144 492 3187; x_wconf 90' lang='lat' dir='ltr'>ore</span> <span class='ocrx_word' id='word_1_234' title='bbox 518 3122 628 3200; x_wconf 88' lang='lat' dir='ltr'>leonis,</span> <span class='ocrx_word' id='word_1_235' title='bbox 655 3125 801 3190; x_wconf 87' lang='lat' dir='ltr'>liberavit</span> <span class='ocrx_word' id='word_1_236' title='bbox 823 3147 875 3189; x_wconf 92' lang='lat' dir='ltr'>me</span> <span class='ocrx_word' id='word_1_237' title='bbox 890 3126 1047 3191; x_wconf 90' lang='lat' dir='ltr'>Dominus</span> <span class='ocrx_word' id='word_1_238' title='bbox 1071 3129 1112 3192; x_wconf 92' lang='lat' dir='ltr'>ab</span> <span class='ocrx_word' id='word_1_239' title='bbox 1136 3129 1222 3194; x_wconf 91' lang='lat' dir='ltr'>omni</span> <span class='ocrx_word' id='word_1_240' title='bbox 1251 3153 1305 3197; x_wconf 86' lang='lat' dir='ltr'>ore</span> <span class='ocrx_word' id='word_1_241' title='bbox 1331 3135 1427 3210; x_wconf 87' lang='lat' dir='ltr'>ma10,</span> <span class='ocrx_word' id='word_1_242' title='bbox 1475 3165 1476 3180; x_wconf 22' lang='grc' dir='ltr'>ἒ</span> 
     </span>
    </p>
   </div>
   <div class='ocr_carea' id='block_1_12' title="bbox 267 3225 1429 3531">
    <p class='ocr_par' dir='ltr' id='par_1_15' title="bbox 279 3225 1429 3300">
     <span class='ocr_line' id='line_1_32' title="bbox 279 3225 1429 3300; baseline 0.013 -29"><span class='ocrx_word' id='word_1_243' title='bbox 279 3238 295 3288; x_wconf 94' lang='lat'><em>7</em></span> <span class='ocrx_word' id='word_1_244' title='bbox 364 3225 402 3273; x_wconf 84' lang='lat' dir='ltr'>hal</span> <span class='ocrx_word' id='word_1_245' title='bbox 493 3227 561 3289; x_wconf 80' lang='lat' dir='ltr'>gidoo</span> <span class='ocrx_word' id='word_1_246' title='bbox 658 3229 691 3277; x_wconf 85' lang='lat' dir='ltr'>ric</span> <span class='ocrx_word' id='word_1_247' title='bbox 796 3229 833 3276; x_wconf 89' lang='lat' dir='ltr'>his</span> <span class='ocrx_word' id='word_1_248' title='bbox 898 3229 1011 3277; x_wconf 85' lang='lat' dir='ltr'>heofonlio</span> <span class='ocrx_word' id='word_1_249' title='bbox 1042 3228 1105 3278; x_wconf 66' lang='lat' dir='ltr'>llam</span> <span class='ocrx_word' id='word_1_250' title='bbox 1143 3234 1227 3296; x_wconf 82' lang='lat' dir='ltr'>pvldvr</span> <span class='ocrx_word' id='word_1_251' title='bbox 1258 3236 1283 3283; x_wconf 90' lang='lat' dir='ltr'>in</span> <span class='ocrx_word' id='word_1_252' title='bbox 1330 3239 1429 3300; x_wconf 81' lang='lat' dir='ltr'>porvldn</span> 
     </span>
    </p>

    <p class='ocr_par' dir='ltr' id='par_1_16' title="bbox 273 3288 1429 3453">
     <span class='ocr_line' id='line_1_33' title="bbox 273 3288 1429 3381; baseline 0.012 -29"><span class='ocrx_word' id='word_1_253' title='bbox 273 3297 307 3352; x_wconf 87' lang='lat' dir='ltr'>et</span> <span class='ocrx_word' id='word_1_254' title='bbox 332 3288 453 3352; x_wconf 85' lang='lat' dir='ltr'>salvum</span> <span class='ocrx_word' id='word_1_255' title='bbox 480 3289 577 3354; x_wconf 88' lang='lat' dir='ltr'>faciet</span> <span class='ocrx_word' id='word_1_256' title='bbox 602 3313 735 3376; x_wconf 86' lang='lat' dir='ltr'>regnum</span> <span class='ocrx_word' id='word_1_257' title='bbox 767 3314 860 3356; x_wconf 91' lang='lat' dir='ltr'>suum</span> <span class='ocrx_word' id='word_1_258' title='bbox 890 3292 1028 3370; x_wconf 87' lang='lat' dir='ltr'>coeleste,</span> <span class='ocrx_word' id='word_1_259' title='bbox 1056 3294 1108 3358; x_wconf 90' lang='lat' dir='ltr'>cui</span> <span class='ocrx_word' id='word_1_260' title='bbox 1132 3297 1233 3381; x_wconf 84' lang='lat' dir='ltr'>gloria</span> <span class='ocrx_word' id='word_1_261' title='bbox 1258 3298 1290 3362; x_wconf 95' lang='lat' dir='ltr'>in</span> <span class='ocrx_word' id='word_1_262' title='bbox 1319 3302 1429 3366; x_wconf 88' lang='lat' dir='ltr'>secula</span> 
     </span>
     <span class='ocr_line' id='line_1_34' title="bbox 308 3391 390 3453; baseline 0 -16"><span class='ocrx_word' id='word_1_263' title='bbox 308 3391 390 3453; x_wconf 81' lang='lat' dir='ltr'>porvld</span> 
     </span>
    </p>

    <p class='ocr_par' dir='ltr' id='par_1_17' title="bbox 267 3453 590 3531">
     <span class='ocr_line' id='line_1_35' title="bbox 267 3453 590 3531; baseline 0 -13"><span class='ocrx_word' id='word_1_264' title='bbox 267 3453 459 3531; x_wconf 87' lang='lat' dir='ltr'>seculorum,</span> <span class='ocrx_word' id='word_1_265' title='bbox 477 3454 590 3519; x_wconf 88' lang='lat' dir='ltr'>Amen.</span> 
     </span>
    </p>
   </div>
   <div class='ocr_carea' id='block_1_13' title="bbox 666 3649 1030 3698">
    <p class='ocr_par' dir='ltr' id='par_1_18' title="bbox 666 3649 1030 3698">
     <span class='ocr_line' id='line_1_36' title="bbox 666 3649 1030 3698; baseline 0.016 -7"><span class='ocrx_word' id='word_1_266' title='bbox 666 3649 844 3692; x_wconf 59' lang='lat' dir='ltr'>succuum}</span> <span class='ocrx_word' id='word_1_267' title='bbox 868 3678 876 3694; x_wconf 85' lang='lat'><strong>.</strong></span> <span class='ocrx_word' id='word_1_268' title='bbox 907 3677 913 3692; x_wconf 85' lang='lat'><strong>·</strong></span> <span class='ocrx_word' id='word_1_269' title='bbox 947 3679 955 3695; x_wconf 81' lang='grc'><strong>.</strong></span> <span class='ocrx_word' id='word_1_270' title='bbox 981 3680 991 3698; x_wconf 76' lang='grc'><strong><em>,</em></strong></span> <span class='ocrx_word' id='word_1_271' title='bbox 1021 3679 1030 3697; x_wconf 76' lang='lat'><strong>·</strong></span> 
     </span>
    </p>
   </div>
   <div class='ocr_carea' id='block_1_14' title="bbox 270 3769 1475 4168">
    <p class='ocr_par' dir='ltr' id='par_1_19' title="bbox 270 3769 1475 4168">
     <span class='ocr_line' id='line_1_37' title="bbox 432 3769 1475 3839; baseline 0.012 -23"><span class='ocrx_word' id='word_1_272' title='bbox 432 3771 477 3834; x_wconf 79' lang='lat' dir='ltr'>god</span> <span class='ocrx_word' id='word_1_273' title='bbox 527 3769 605 3819; x_wconf 70' lang='lat' dir='ltr'>ltvlto</span> <span class='ocrx_word' id='word_1_274' title='bbox 644 3772 818 3834; x_wconf 75' lang='lat' dir='ltr'>monigfaldnise</span> <span class='ocrx_word' id='word_1_275' title='bbox 914 3773 1003 3823; x_wconf 73' lang='lat' dir='ltr'>hmllna</span> <span class='ocrx_word' id='word_1_276' title='bbox 1059 3777 1141 3839; x_wconf 79' lang='lat' dir='ltr'>eadges</span> <span class='ocrx_word' id='word_1_277' title='bbox 1474 3811 1475 3822; x_wconf 25' lang='grc' dir='ltr'>ἢ</span> 
     </span>
     <span class='ocr_line' id='line_1_38' title="bbox 318 3833 1475 3927; baseline 0.007 -29"><span class='ocrx_word' id='word_1_278' title='bbox 318 3835 377 3924; x_wconf 76' lang='grc'>(1.)</span> <span class='ocrx_word' id='word_1_279' title='bbox 402 3835 503 3910; x_wconf 91' lang='lat' dir='ltr'>Deus,</span> <span class='ocrx_word' id='word_1_280' title='bbox 540 3833 595 3919; x_wconf 93' lang='lat' dir='ltr'>qui</span> <span class='ocrx_word' id='word_1_281' title='bbox 621 3835 856 3900; x_wconf 88' lang='lat' dir='ltr'>multitudinem</span> <span class='ocrx_word' id='word_1_282' title='bbox 879 3838 1022 3922; x_wconf 80' lang='lat' dir='ltr'>gentium</span> <span class='ocrx_word' id='word_1_283' title='bbox 1053 3841 1138 3904; x_wconf 87' lang='lat' dir='ltr'>beati</span> <span class='ocrx_word' id='word_1_284' title='bbox 1165 3839 1258 3904; x_wconf 88' lang='lat' dir='ltr'>Pauli</span> <span class='ocrx_word' id='word_1_285' title='bbox 1288 3844 1427 3927; x_wconf 88' lang='lat' dir='ltr'>apostoli</span> <span class='ocrx_word' id='word_1_286' title='bbox 1474 3841 1475 3844; x_wconf 66' lang='grc'>’</span> 
     </span>
     <span class='ocr_line' id='line_1_39' title="bbox 331 3938 1415 4009; baseline 0.008 -23"><span class='ocrx_word' id='word_1_287' title='bbox 331 3939 437 4002; x_wconf 81' lang='lat' dir='ltr'>bodvnge</span> <span class='ocrx_word' id='word_1_288' title='bbox 536 3938 652 4001; x_wconf 72' lang='lat' dir='ltr'>gilarrdest</span> <span class='ocrx_word' id='word_1_289' title='bbox 701 3939 734 3987; x_wconf 87' lang='lat' dir='ltr'>sel</span> <span class='ocrx_word' id='word_1_290' title='bbox 799 3956 825 3988; x_wconf 87' lang='lat' dir='ltr'>vs</span> <span class='ocrx_word' id='word_1_291' title='bbox 932 3957 961 3989; x_wconf 94' lang='lat' dir='ltr'>ve</span> <span class='ocrx_word' id='word_1_292' title='bbox 971 3941 1020 3990; x_wconf 91' lang='lat' dir='ltr'>bid&#39;</span> <span class='ocrx_word' id='word_1_293' title='bbox 1097 3946 1142 4004; x_wconf 53' lang='grc' dir='ltr'>με</span> <span class='ocrx_word' id='word_1_294' title='bbox 1186 3942 1239 3991; x_wconf 71' lang='lat' dir='ltr'>lires</span> <span class='ocrx_word' id='word_1_295' title='bbox 1314 3949 1415 4009; x_wconf 78' lang='lat' dir='ltr'>symbol*</span> 
     </span>
     <span class='ocr_line' id='line_1_40' title="bbox 270 4001 1430 4092; baseline 0.01 -28"><span class='ocrx_word' id='word_1_296' title='bbox 270 4003 495 4087; x_wconf 81' lang='lat' dir='ltr'>praedicatione</span> <span class='ocrx_word' id='word_1_297' title='bbox 522 4001 667 4078; x_wconf 88' lang='lat' dir='ltr'>docuisti,</span> <span class='ocrx_word' id='word_1_298' title='bbox 694 4003 735 4067; x_wconf 93' lang='lat' dir='ltr'>da</span> <span class='ocrx_word' id='word_1_299' title='bbox 763 4003 863 4080; x_wconf 91' lang='lat' dir='ltr'>nobis,</span> <span class='ocrx_word' id='word_1_300' title='bbox 892 4026 1073 4089; x_wconf 89' lang='lat' dir='ltr'>quesumus,</span> <span class='ocrx_word' id='word_1_301' title='bbox 1104 4016 1141 4070; x_wconf 89' lang='lat' dir='ltr'>ut</span> <span class='ocrx_word' id='word_1_302' title='bbox 1164 4007 1255 4092; x_wconf 87' lang='lat' dir='ltr'>cujus</span> <span class='ocrx_word' id='word_1_303' title='bbox 1278 4010 1430 4076; x_wconf 84' lang='lat' dir='ltr'>natalicia</span> 
     </span>
     <span class='ocr_line' id='line_1_41' title="bbox 284 4105 394 4168; baseline -0.018 -14"><span class='ocrx_word' id='word_1_304' title='bbox 284 4105 394 4168; x_wconf 71' lang='lat' dir='ltr'>vebigall</span> 
     </span>
    </p>
   </div>
   <div class='ocr_carea' id='block_1_15' title="bbox 269 4168 1474 4280">
    <p class='ocr_par' dir='ltr' id='par_1_20' title="bbox 269 4168 1474 4280">
     <span class='ocr_line' id='line_1_42' title="bbox 269 4168 1474 4280; baseline 0.004 -47"><span class='ocrx_word' id='word_1_305' title='bbox 269 4169 410 4246; x_wconf 89' lang='lat' dir='ltr'>colimus,</span> <span class='ocrx_word' id='word_1_306' title='bbox 428 4169 497 4253; x_wconf 90' lang='lat' dir='ltr'>ejus</span> <span class='ocrx_word' id='word_1_307' title='bbox 512 4168 597 4254; x_wconf 89' lang='lat' dir='ltr'>apud</span> <span class='ocrx_word' id='word_1_308' title='bbox 612 4177 644 4232; x_wconf 90' lang='lat' dir='ltr'>te</span> <span class='ocrx_word' id='word_1_309' title='bbox 659 4169 834 4254; x_wconf 88' lang='lat' dir='ltr'>patrocinia</span> <span class='ocrx_word' id='word_1_310' title='bbox 849 4171 1031 4250; x_wconf 85' lang='lat' dir='ltr'>sentiamus,</span> <span class='ocrx_word' id='word_1_311' title='bbox 1048 4195 1106 4259; x_wconf 89' lang='lat' dir='ltr'>per</span> <span class='ocrx_word' id='word_1_312' title='bbox 1473 4241 1474 4280; x_wconf 30' lang='lat'><em>7</em></span> 
     </span>
    </p>
   </div>
   <div class='ocr_carea' id='block_1_16' title="bbox 313 4301 1474 4458">
    <p class='ocr_par' dir='ltr' id='par_1_21' title="bbox 313 4301 1474 4458">
     <span class='ocr_line' id='line_1_43' title="bbox 445 4301 1474 4380; baseline 0.015 -31"><span class='ocrx_word' id='word_1_313' title='bbox 445 4303 504 4365; x_wconf 66' lang='lat' dir='ltr'>goes</span> <span class='ocrx_word' id='word_1_314' title='bbox 630 4303 718 4352; x_wconf 69' lang='lat' dir='ltr'>vetra·</span> <span class='ocrx_word' id='word_1_315' title='bbox 815 4305 887 4353; x_wconf 70' lang='lat' dir='ltr'>rano</span> <span class='ocrx_word' id='word_1_316' title='bbox 1008 4308 1046 4371; x_wconf 57' lang='grc' dir='ltr'>αρ’</span> <span class='ocrx_word' id='word_1_317' title='bbox 1142 4310 1201 4360; x_wconf 74' lang='lat' dir='ltr'>arno</span> <span class='ocrx_word' id='word_1_318' title='bbox 1272 4312 1403 4380; x_wconf 61' lang='lat' dir='ltr'>grangage</span> <span class='ocrx_word' id='word_1_319' title='bbox 1473 4301 1474 4364; x_wconf 86' lang='lat'><em>3</em></span> 
     </span>
     <span class='ocr_line' id='line_1_44' title="bbox 313 4365 1427 4458; baseline 0.013 -28"><span class='ocrx_word' id='word_1_320' title='bbox 313 4366 372 4451; x_wconf 71' lang='lat' dir='ltr'>(Q.)</span> <span class='ocrx_word' id='word_1_321' title='bbox 398 4365 555 4443; x_wconf 87' lang='lat' dir='ltr'>Concede,</span> <span class='ocrx_word' id='word_1_322' title='bbox 573 4379 754 4451; x_wconf 78' lang='lat' dir='ltr'>quesumtm,</span> <span class='ocrx_word' id='word_1_323' title='bbox 772 4369 919 4446; x_wconf 88' lang='lat' dir='ltr'>Domine,</span> <span class='ocrx_word' id='word_1_324' title='bbox 947 4373 1106 4458; x_wconf 88' lang='lat' dir='ltr'>apostolos</span> <span class='ocrx_word' id='word_1_325' title='bbox 1132 4384 1205 4440; x_wconf 91' lang='lat' dir='ltr'>tuos</span> <span class='ocrx_word' id='word_1_326' title='bbox 1231 4375 1427 4444; x_wconf 88' lang='lat' dir='ltr'>intervenire</span> 
     </span>
    </p>
   </div>
   <div class='ocr_carea' id='block_1_17' title="bbox 0 0 1507 5074">
    <p class='ocr_par' dir='ltr' id='par_1_22' title="bbox 0 0 1507 5074">
     <span class='ocr_line' id='line_1_45' title="bbox 0 0 1507 5074; baseline 0 0"><span class='ocrx_word' id='word_1_327' title='bbox 0 0 1507 5074; x_wconf 95' lang='lat' dir='ltr'> </span> 
     </span>
    </p>
   </div>
  </div>
 </body>
</html>
