3040 5074
220 544 240 596 p
269 509 331 568 124
646 513 881 560 suono-sexos
905 514 1037 558 nrrnsn.

427 655 498 704 driht’
562 652 617 700 luel'
681 652 736 700 crist
802 650 879 699 Urbe
911 653 956 700 tiid
1012 667 1059 704 non
1100 668 1131 700 on
1171 654 1238 700 rodes
1292 653 1409 728 galgatree

311 723 370 807 (6.)
394 717 533 783 Domine
554 716 632 780 Jesu
654 714 790 790 Christe,
818 715 873 799 qui
900 715 978 779 hora
997 736 1082 779 nona
1103 715 1136 778 in
1155 715 1257 780 crucis
1279 715 1425 801 patibulo

301 823 439 872 ondettenda
531 817 613 868 mss
669 817 755 866 bionna
781 817 854 864 vnllns
881 821 1050 894 nerxnsponp'
1100 818 1183 866 ol'fnra
1255 818 1429 880 ellgihriordest

269 887 472 954 confitentem
491 881 646 946 latronem
671 878 753 944 infra
773 879 879 944 menia
903 880 1040 965 paradisi
1078 881 1175 945 transi
1191 925 1428 951 .........

271 991 315 1040 bec
355 988 486 1038 boensando
558 983 699 1032 ondettendo
792 998 867 1045 synna
963 985 998 1031 vs'
1105 983 1233 1032 vebiddsli
1297 986 1345 1043 pte
1366 983 1416 1030 ae‘st’

269 1063 311 1130 te,
343 1049 502 1136 supplices
541 1046 729 1112 confitentes
764 1055 896 1130 peccata
920 1055 1038 1122 nostra,
1065 1045 1271 1130 deprecamur
1302 1056 1341 1110 ut
1357 1053 1429 1130 post

269 1156 385 1220 giliornise
461 1154 510 1200 vs'e
572 1150 764 1211 neirxnarongns
790 1156 861 1210 gaetto
905 1149 1033 1212 inngeongn
1067 1149 1116 1211 vsig
1179 1149 1286 1210 gifeando
1377 1148 1430 1194 f'lct

268 1220 390 1284 obitum
413 1223 557 1280 nostrum
591 1210 729 1298 paradisi
767 1221 874 1296 portas
900 1211 1031 1276 introire
1061 1233 1119 1276 nos
1145 1212 1322 1299 gaudentes
1354 1232 1429 1274 oon·

272 1322 306 1370 liv
410 1318 464 1367 hael'
538 1315 593 1363 crist

273 1384 375 1460 cedas,
396 1382 475 1447 Jesu
501 1377 639 1454 Christe,
663 1376 813 1462 quicum

375 1518 470 1582 postona
480 1513 599 1563 doncrnco
625 1511 658 1560 lie
723 1510 823 1560 redas&
912 1514 983 1561 driht'
1079 1513 1201 1575 gihnldeno
1239 1511 1300 1560 berh
1347 1510 1408 1572 daegi

319 1582 378 1667 (7.)
426 1576 554 1644 Gratias
614 1574 672 1639 tibi
708 1575 841 1658 agimus,
879 1575 1027 1652 Domine,
1067 1576 1217 1640 custoditi
1246 1597 1304 1660 per
1333 1573 1429 1648 diem,

273 1685 395 1751 gibonoolo
433 1681 466 1730 lis
538 1676 696 1726 vevnbindell
778 1678 915 1740 gihnldendo
980 1678 1040 1726 berh
1103 1679 1168 1727 naeht
1242 1678 1431 1741 ehgiondvearda

281 1757 386 1834 grates
424 1743 482 1809 tibi
522 1740 713 1806 exsolvimus
750 1739 948 1804 custodiendi
982 1763 1040 1826 per
1064 1750 1209 1817 noctem3
1244 1749 1431 1826 representa

274 1851 326 1913 rsig
423 1846 506 1894 rebid'
614 1843 685 1918 drilrt'q
771 1843 933 1905 armorgenlici
974 1844 1048 1891 tidrm
1121 1843 1225 1906 haeghalo
1302 1845 1348 1903 lite
1382 1842 1431 1902 rsig

274 1935 342 1988 nos,
373 1928 554 1995 quesumus,
585 1905 733 1982 Domine,
772 1905 937 1970 matutinis
966 1906 1052 1970 horis
1087 1906 1267 1982 incolomes,
1303 1916 1342 1969 ut
1372 1926 1429 1968 nos

284 2015 345 2064 nelo?
420 2012 469 2059 tide
533 2007 659 2056 tvhaebbe
718 2007 846 2070 hergerasl

275 2077 360 2142 omni
382 2085 524 2158 tempore
546 2070 663 2134 babeas
685 2069 874 2147 laudatores,
897 2092 955 2155 per
977 2071 1152 2136 Dominum

438 2205 509 2254 driht’
582 2201 637 2250 luel’
699 2200 761 2250 orist’
805 2201 882 2250 brie
907 2204 958 2266 vsig
997 2220 1010 2251 e
1047 2204 1139 2252 'esdest
1177 2205 1204 2252 os
1235 2203 1294 2252 sins
1347 2205 1415 2266 belgi

321 2272 380 2358 (8.)
405 2268 543 2334 Domine
568 2266 647 2329 Jesu
663 2264 798 2341 Christe,
823 2265 878 2350 qui
904 2287 962 2330 nos
987 2204 1148 2332 rddlimisti
1171 2267 1212 2331 de
1236 2276 1294 2331 tuo
1321 2277 1429 2332 sancto

279 2393 295 2440 7
328 2371 481 2438 diorpyrdvm
546 2369 613 2444 blodq
707 2383 790 2429 gearva
854 2385 881 2416 vs
946 2384 993 2417 srae
1035 2369 1132 2418 lichome
1212 2371 1316 2433 gihresta
1390 2374 1430 2431 itte
1493 2403 1494 2412 2

276 2462 313 2504 ac
340 2436 478 2523 pretioso
505 2451 667 2516 sangmne,
693 2440 800 2515 presta
826 2432 917 2495 nob1s
943 2451 989 2496 sic
1015 2453 1145 2518 corpore
1159 2433 1372 2518 requiescere,
1396 2443 1429 2496 ut

289 2542 321 2590 be
371 2538 444 2602 symle
509 2534 583 2583 dohte
623 2548 640 2597 Ἰ
668 2533 746 2581 henrte
790 2549 817 2581 ve
844 2535 927 2596 'raecge

249 2657 252 2662 .
278 2604 336 2670 tibi
351 2621 475 2686 semper
490 2607 596 2662 mente
612 2605 645 2660 et
660 2596 753 2662 corde
769 2549 943 2680 vigilemus,
959 2619 1017 2682 per
1039 2621 1041 2624 ·

437 2733 502 2797 giher
523 2795 530 2808 ·
551 2732 601 2794 vsig
649 2731 694 2792 god
735 2729 874 2806 halvoendps
916 2734 976 2779 ω’
1035 2747 1052 2796 3
1129 2736 1203 2796 apost·
1329 2733 1402 2782 ninia
1492 2787 1493 2790 Ἴ

323 2801 382 2886 (9.)
407 2795 610 2870 Exaudrnos,
626 2793 717 2856 Deus
729 2791 875 2856 salutans
890 2803 1006 2871 noster,
1023 2804 1056 2858 et
1070 2795 1285 2881 apostolorum
1301 2805 1428 2861 tuorum

279 2905 329 2968 vsig
352 2900 447 2965 giscilda
484 2898 605 2946 lrltrmrm
681 2893 740 2942 bara
836 2896 920 2944 saldest
976 2897 1049 2945 trivao
1098 2914 1153 2946 vosa
1226 2900 1300 2947 liu-vm

277 2989 336 3032 nos
351 2978 441 3030 tuere
463 2958 618 3046 presidiis,
643 2979 778 3043 quorum
800 2911 834 3021 d
843 2958 926 3023 nesti
948 2913 1058 3024 ddeles
1087 2982 1156 3026 esse
1185 2962 1350 3040 doctrinis,
1376 2985 1428 3049 per

278 3131 453 3199 Dominum

505 3259 568 3310 allm'
729 3275 768 3308 ece
897 3261 942 3322 god
975 3259 1051 3310 orbe
1071 3263 1122 3325 rsig
1186 3263 1243 3310 allra
1394 3262 1429 3328 ap'

325 3332 407 3415 (10.)
432 3325 643 3409 Omnipotens
658 3322 849 3406 sempiterne
865 3322 965 3399 Deus,
990 3323 1045 3408 qui
1067 3346 1125 3388 nos
1147 3325 1288 3388 omnium
1304 3338 1430 3411 aposto-

409 3444 525 3491 ssrnrnga
540 3427 613 3475 ruder
644 3427 688 3472 ani
731 3424 841 3485 gisaldest
900 3442 1019 3490 mersvnge
1067 3427 1430 3492 lltevegiporllndonlgirorllia

280 3497 383 3560 lorum
408 3491 521 3558 merita
547 3490 606 3553 sub
632 3507 696 3550 una
711 3487 849 3550 tribuisti
864 3488 1046 3553 celebritate
1153 3491 1305 3566 venerari,

329 3595 417 3659 vebid’
491 3596 535 3654 lits
584 3588 678 3637 hraedlio
760 3603 794 3664 vs·
828 3588 904 3640 dimas
1000 3593 1073 3641 milsa'
1203 3594 1401 3657 ginyhtsrmnisse
1490 3595 1491 3667 l

283 3679 465 3748 quesumus,
496 3666 533 3718 ut
558 3652 693 3716 celerem
722 3652 813 3714 nobis
838 3662 904 3717 tuae
928 3655 1159 3740 propitiationis
1181 3656 1428 3723 habundantiam

280 3762 470 3830 gimonigfaldadi
515 3818 522 3832 ,
567 3752 709 3816 gisingvngr
825 3757 926 3819 nefins

281 3820 500 3912 multiplicatis
514 3816 774 3881 intercessoribus
788 3816 949 3903 largiatur,
966 3843 1023 3906 per

506 3948 559 4027 nlm'
737 3967 775 4000 ece
905 3956 950 4017 god
1032 3956 1139 4006 croemlic
1199 3959 1232 4006 sie
1281 3958 1314 4008 ile
1362 3960 1414 4008 dios

326 4021 406 4107 (11.)
432 4017 643 4097 Omnipotens
667 4015 857 4099 sempiterne
881 4017 981 4094 Deus,
1008 4018 1172 4102 placabilis
1196 4021 1238 4085 sit
1267 4021 1326 4086 tibi
1352 4023 1427 4087 haec

278 4119 401 4188 θηρῶς’
479 4119 499 4177 lp
575 4114 596 4162 ic
641 4116 770 4192 'rupyrbe
827 4119 860 4166 l'e
891 4135 941 4168 meo
984 4136 1071 4169 armvm
1136 4124 1243 4184 synlvlne
1321 4141 1338 4189 7
1387 4125 1420 4173 f’e

280 4185 407 4258 oblatio,
438 4199 532 4265 quam
558 4199 617 4262 ego
639 4179 788 4264 indignus
812 4202 869 4266 pro
892 4204 943 4246 me
972 4183 1086 4248 misero
1116 4186 1283 4269 peccatori,
1315 4198 1349 4252 et
1374 4210 1428 4274 pro

280 4289 427 4358 gyltingvm·
474 4281 649 4330 viretaladlicvm
713 4283 800 4330 minrm
877 4284 997 4347 l'egefnise
1110 4304 1186 4350 synna
1298 4291 1399 4353 gileflir
1488 4271 1489 4274 Ἴ

280 4347 404 4416 delictis
419 4345 700 4411 mnumerabilibus
715 4345 802 4424 meis,
825 4347 1042 4414 remissionem
1052 4362 1254 4436 peccatorum
1266 4355 1426 4430 concedas,
1488 4367 1489 4432 ξ
