3040 5074
641 515 876 562 ANGLO-SAXON
900 515 1033 560 ulrum.

612 655 687 730 Quo
703 663 734 720 t'e
748 663 919 740 sequentes
934 653 1080 718 omnibus

567 779 697 843 Morum
712 800 862 864 processu
877 777 977 882 sgouii

565 905 727 970 Adversus
742 925 834 970 omne
851 903 1033 970 scandalum

564 1033 677 1098 Crucis
691 1032 829 1096 feremus
844 1029 996 1096 labarum.

610 1212 732 1322 Proeto,
751 1212 855 1287 Pater,
872 1231 929 1296 per
945 1209 1072 1284 Filium,

566 1338 680 1444 Preste
695 1359 751 1424 per
766 1337 884 1402 almum
902 1335 1065 1421 Spiritum,

565 1465 648 1528 Cum
663 1463 713 1528 his
728 1485 784 1548 per
799 1485 891 1528 evum
907 1461 1024 1547 triplici

510 1621 515 1626 ·
569 1588 662 1652 Unus
678 1587 768 1652 Deus
784 1585 989 1672 cognomine3
1014 1588 1129 1650 Ausu.

707 1859 800 1920 nne'r
824 1879 866 1920 mc
889 1879 978 1922 rom.

565 2017 655 2091 Peto,
673 2015 820 2091 Domine,
838 2023 874 2080 ut
888 2016 927 2080 de
943 2015 1068 2079 vincula

568 2141 634 2216 Qui
649 2143 733 2226 regis
751 2142 859 2218 Israel,
876 2142 1006 2206 intende

563 2265 660 2329 Omni
677 2277 817 2349 tempore
833 2265 975 2342 benedic,
994 2265 1085 2328 Deus

565 2388 691 2453 Memor
707 2398 774 2452 esto
790 2389 845 2452 filii
862 2410 957 2474 quem
972 2409 1030 2473 par·

565 2514 691 2578 Memor
708 2523 776 2578 esto
791 2513 858 2590 filii,
876 2534 971 2598 quem

562 2637 611 2701 V’.
637 2638 768 2701 Fiducia
783 2659 897 2721 magne
911 2647 960 2702 est

563 2764 612 2827 R'.
638 2763 819 2827 Sufficiebat
834 2763 924 2827 nobis

561 2885 608 2948 V'.
633 2885 709 2950 Heu
724 2907 774 2949 me
789 2886 889 2950 filium
904 2896 1004 2972 utque

564 3013 614 3076 R'.
639 3013 824 3077 Benedicite
840 3012 1013 3077 Dominum
1030 3013 1101 3076 coeli

564 3140 610 3202 V'.
635 3140 667 3204 T
668 3161 779 3225 empus
794 3150 842 3204 est
858 3149 894 3202 ut
908 3147 1047 3202 revertar

564 3263 612 3325 li'.
636 3264 779 3347 Tempus
794 3273 843 3327 est
858 3271 894 3328 ut
909 3284 1033 3326 reverer

562 3389 611 3453 V'.
635 3389 819 3454 Benedicite
836 3387 1009 3452 Dominum
1022 3386 1094 3450 eoeli

690 3657 744 3718 Au’
763 3675 855 3716 nunu
879 3676 994 3720 sunni.

561 3815 609 3876 Α’.
634 3814 684 3877 Ne
699 3814 919 3889 reminiscaris,
937 3814 1073 3877 Domine

562 3941 612 4004 Α’.
636 3939 734 4003 Omni
750 3949 891 4022 tempore
906 3937 1039 4002 benedic

560 4067 609 4130 Α’.
635 4065 761 4129 Memor
776 4075 844 4128 esto
857 4064 914 4128 filii
930 4086 1024 4149 quern

559 4193 608 4256 Α’.
632 4192 775 4276 Tempus
791 4202 839 4256 est
855 4201 890 4255 ut
905 4200 1043 4258 revertar
