2986 5074
466 521 701 566 anano-saxon
725 521 858 566 urruns.
1199 505 1238 565 19

243 657 287 708 &aa
347 658 420 710 cvoob
497 659 569 708 driht'
671 661 691 710 ic
772 677 809 710 am
874 662 895 710 ic
970 675 1009 709 am
1041 658 1113 708 sese
1177 658 1239 720 dilgn

126 718 186 803 (2.)
221 720 304 786 Haec
344 723 422 790 dicit
452 723 620 800 Dominus,
648 745 708 810 ego
743 746 823 802 sum,
854 745 914 809 ego
951 745 1020 788 sum
1051 723 1107 809 qui
1145 674 1176 786 <i
1187 721 1236 784 leo

95 822 242 886 rnrehtpisn’
307 824 366 873 bino
464 825 500 874 (ὀ
589 843 639 874 mec
704 841 721 890 7
819 844 895 889 synna
1034 823 1105 872 binrc
1190 839 1221 871 no

75 884 263 971 iniquitates
300 897 371 953 tuas
408 899 539 978 propter
584 911 645 966 me,
693 899 726 954 et
763 901 965 975 peccatorum
1007 899 1134 954 tuorum
1173 907 1238 949 non

94 990 128 1037 eft
138 991 264 1054 gimyndgn

78 1054 277 1119 recordabor.

219 1229 245 1276 in
333 1229 382 1278 tide
457 1230 603 1296 giovoemlici
655 1231 781 1294 iegiherdc
813 1230 858 1279 bec
903 1245 919 1294 7
969 1246 999 1278 on
1049 1227 1068 1292 f(
1150 1228 1222 1276 hales

124 1289 184 1372 (3.)
211 1291 249 1355 ln
285 1299 428 1376 tempore
473 1293 591 1380 placito
639 1293 787 1359 exaudivi
809 1304 852 1371 te,
898 1303 931 1358 et
967 1293 1000 1357 in
1036 1293 1087 1357 die
1124 1292 1236 1358 salutis

119 1392 220 1468 belpcnd
286 1411 323 1443 am
348 1394 417 1444 binas

77 1456 252 1522 auxiliatus
267 1479 339 1522 sum
354 1458 411 1524 tui.

256 1648 329 1700 driht’
404 1652 450 1714 god
499 1654 605 1718 vntynde
653 1669 690 1702 me
761 1669 812 1702 esre
877 1654 898 1702 ic
963 1650 1015 1715 pvt’
1065 1665 1095 1699 ne
1160 1648 1204 1712 pia

124 1711 185 1794 (4.)
198 1713 367 1788 vDominus
382 1715 474 1780 Deus
489 1716 616 1802 aperuit
629 1716 707 1780 mihi
722 1739 840 1792 aurem,
857 1738 917 1800 ego
932 1725 1039 1779 autem
1050 1735 1115 1777 non
1126 1721 1236 1777 contra

75 1812 147 1862 evito
197 1818 332 1880 onbmoling
389 1834 420 1866 ne
469 1820 536 1895 oedip
568 1819 665 1868 lichome
730 1819 779 1866 min
831 1818 894 1866 ualde
1008 1818 1119 1865 slaendvm
1212 1830 1228 1878 7

76 1877 158 1954 dico,
175 1889 346 1946 retrorsum
372 1902 437 1945 non
463 1881 535 1958 abi1,
559 1904 674 1968 corpus
699 1903 806 1947 meum
828 1881 902 1946 dedi
928 1879 1179 1966 percutientibus
1200 1888 1233 1942 et

75 1981 173 2045 hleapro
200 1985 263 2032 mino
285 1984 478 2046 ymbpoendendi
510 1986 592 2034 oncion
645 1985 695 2034 min
749 2001 780 2034 ne
798 1986 907 2048 ymbcerd
915 1985 939 2048 ig
950 1985 987 2032 fro
1035 1968 1188 2047 gibreandrm

74 2067 175 2129 genas
186 2069 273 2112 meas
283 2047 483 2124 vellentibus,
493 2047 604 2114 faciem
613 2070 717 2113 meam
726 2071 790 2113 non
820 2048 920 2114 averti
945 2049 985 2112 ab
1000 2045 1237 2132 increpantibus

85 2162 103 2210 7
185 2149 326 2212 gispittendi
395 2167 425 2198 on
446 2167 495 2199 mec

76 2220 111 2276 et
126 2213 375 2298 conspuentibus
390 2214 424 2277 in
438 2236 498 2278 me.

273 2404 344 2454 driht'
447 2407 493 2470 god
580 2407 618 2456 bel
647 2408 679 2455 nd
771 2406 820 2454 min
897 2419 914 2466 7
953 2400 1038 2450 f’ebon
1113 2416 1167 2449 nam
1183 2402 1205 2449 ic

122 2466 181 2551 (5.)
220 2467 379 2533 Dominus
420 2470 511 2536 Deus
541 2470 616 2534 auxi
629 2470 711 2534 iator
748 2490 848 2545 meus,
888 2479 921 2531 et
957 2465 1028 2529 ideo
1082 2485 1147 2527 non
1163 2486 1233 2528 sum

77 2569 236 2631 sceomigende
258 2571 329 2620 f'bon
350 2573 461 2636 icgisettc
480 2574 600 2636 ondplioto
648 2575 710 2622 mino
743 2572 816 2620 coeloe
843 2578 944 2618 stanoarr
1035 2567 1107 2614 heard
1211 2582 1227 2630 7

75 2633 243 2710 confusus3
258 2635 331 2722 ideo
356 2638 449 2720 posui
481 2637 595 2700 faciem
628 2658 732 2702 meam
761 2644 799 2700 ut
827 2642 951 2719 petram
976 2629 1185 2707 durissimam,
1202 2641 1236 2694 et

72 2735 149 2797 icpat
212 2735 282 2786 f'bon
347 2740 450 2788 nebiom
482 2740 596 2788 icsccomi
624 2739 670 2790 ndo

74 2797 143 2862 scio
173 2801 323 2886 quoniam
362 2823 426 2866 non
474 2802 592 2866 confun
615 2824 658 2868 ar.

205 2981 286 3032 broelo
326 2985 352 3032 of
401 2985 441 3033 ivh
475 2987 620 3035 ondredendc
679 2986 724 3049 god
788 2985 889 3032 herendo
949 2980 1024 3029 stasne
1073 2995 1139 3028 osnes
1173 2979 1235 3028 sines

121 3044 181 3128 (6.)
207 3045 289 3120 Quis
315 3069 355 3112 ex
379 3049 468 3114 vobis
495 3049 610 3114 timens
634 3049 751 3124 Deum,
775 3047 907 3111 audiens
933 3065 1042 3108 vocem
1064 3042 1146 3106 servi
1173 3042 1232 3118 sui,

73 3149 156 3197 hvoelc
242 3151 322 3214 giendo
395 3153 421 3200 in
468 3151 583 3199 blostrrm
633 3165 649 3215 7
724 3151 762 3198 nis
875 3149 925 3196 lebt
984 3147 1033 3194 him
1071 3145 1168 3207 gihyhtc
1200 3146 1226 3192 in

91 3213 163 3296 quis
193 3213 366 3278 ambulavit
391 3214 424 3277 in
450 3214 591 3279 tenebris
617 3223 650 3280 et
675 3221 805 3277 nonest
844 3211 952 3275 lumen
985 3209 1024 3286 ei,
1060 3217 1167 3293 speret
1197 3207 1231 3270 in

107 3331 175 3363 nome
256 3317 327 3365 dribt'
377 3317 576 3381 7gicvnnedbili
592 3319 617 3366 in
667 3315 739 3366 driht'
828 3317 857 3364 de
890 3317 926 3362 sin

72 3378 201 3443 nomine
217 3380 357 3458 Domini,
374 3390 407 3445 et
421 3381 575 3446 innitatur
589 3381 623 3445 in
638 3379 779 3446 Domino
829 3401 866 3444 eo
882 3399 949 3442 suc.

254 3578 325 3626 driht'
401 3580 481 3629 hvoelc
537 3579 623 3644 gilefeb
688 3579 791 3644 gihenm
862 3593 927 3625 rsrm
1001 3591 1018 3638 7
1115 3591 1177 3624 earm
1232 3578 1239 3585 ”

119 3640 178 3721 (7.)
213 3641 360 3719 Domine,
399 3644 470 3729 quis
507 3643 640 3708 credidit
683 3641 806 3710 auditui
834 3649 951 3716 nostro,
991 3650 1024 3704 et
1067 3639 1231 3704 brachium

91 3741 196 3790 drihtnes
529 3748 550 3795 is
593 3761 610 3810 7
665 3744 766 3809 gisuget
817 3744 904 3792 sroelce
948 3742 1080 3806 gibrognel
1139 3740 1199 3790 bif'a

72 3804 206 3868 Domini
232 3808 284 3871 cui
307 3808 482 3874 revelatum
505 3820 563 3884 est
590 3820 623 3874 et
645 3809 795 3874 ascendet
820 3806 903 3872 sicut
928 3805 1100 3890 virgultum
1125 3826 1229 3868 coram

70 3907 128 3956 hine
159 3911 284 3986 urcelos
307 3920 413 3989 pyrtrvm
445 3914 471 3960 of
511 3913 581 3962 corbe
613 3913 743 3990 &prptendi

73 3992 122 4047 eo,
152 3983 184 4037 et
199 3984 282 4038 srcut
311 3975 401 4039 radix
434 3976 475 4041 de
503 3986 588 4040 terra
617 3985 746 4040 srtrentr.

247 4172 292 4220 alle
364 4188 393 4236 pe
426 4173 522 4222 sroclice
554 4174 616 4235 scipo
644 4171 822 4236 pegidpaladon
860 4186 891 4218 an
956 4169 1064 4232 egbroelc
1096 4185 1127 4217 on
1167 4184 1214 4246 pag

118 4234 178 4316 (8.)
204 4234 326 4300 Omnes
349 4258 407 4301 nos
432 4236 522 4322 quasi
548 4259 622 4300 oves
644 4235 824 4310 erravimus,
840 4255 923 4298 uuus
948 4233 1082 4318 quisque
1097 4232 1131 4297 in
1145 4254 1229 4296 vram

101 4337 141 4384 his
220 4339 331 4401 gioerlde
390 4356 407 4405 7
473 4338 544 4388 driht’
609 4341 692 4402 gisette
735 4335 768 4387 on'
787 4338 842 4387 hine
908 4334 1053 4399 rnrehtpisn’
1118 4336 1176 4384 nllra

72 4421 165 4465 suam
180 4353 366 4481 declinavit3
389 4414 422 4470 et
437 4402 595 4468 Dominus
610 4402 718 4489 posuit
742 4401 776 4468 in
805 4423 842 4467 eo
872 4399 1071 4486 iniquitatem
1089 4399 1229 4463 omnium
