2986 5074
254 497 297 554 44
638 505 872 548 ΔΝΟΙιΟ-ΕΑΧΟΝ
896 504 1029 549 RITUAL.

256 648 292 696 iro
325 643 406 694 Cilicia
450 660 466 708 7
510 643 569 692 Asia
657 645 762 692 flittende
842 643 893 692 mia
959 645 1039 694 Stefne
1132 659 1148 706 7
1193 659 1223 690 ne
1287 643 1398 690 machton

266 731 286 774 a
312 707 425 772 Cilicia
448 717 482 772 et
502 707 589 783 Asia,
613 706 811 792 disputantes
835 729 907 770 cum
932 707 1103 791 Stephano,
1127 717 1160 771 et
1178 728 1243 770 non
1266 715 1416 790 poterant

266 811 308 860 vib
318 811 399 859 stende
448 809 578 874 anyt’ncsse
617 825 634 872 7
677 797 759 872 gaste'
803 809 879 858 baba
906 811 1088 873 paesspryeend¹

261 875 408 939 resistere
425 873 598 959 sapientiae
612 881 646 938 et
661 872 786 958 spiritui
810 895 874 958 qua
898 873 1096 958 loquebatur.

368 1023 418 1072 mit
426 1021 496 1071 Sabe
518 1037 565 1070 vaes
658 1020 718 1069 Stef'
853 1021 895 1068 fvll
981 1028 1045 1084 gasts
1113 1021 1167 1084 haig
1173 1055 1385 1071 ...........

308 1085 366 1171 (3.)
392 1087 475 1150 Cum
501 1091 586 1149 esset
613 1083 794 1168 Stephanus
820 1083 934 1168 plenus
952 1083 1072 1169 Spiritu
1094 1085 1220 1160 Sancto,
1247 1082 1417 1148 intendens

261 1189 287 1237 in
318 1189 401 1237 heofne
443 1188 516 1250 gisam
575 1186 641 1233 vldvr
679 1186 749 1248 godes
782 1201 798 1249 7
831 1186 923 1234 haelend
964 1188 1090 1234 stondende
1123 1195 1147 1235 to
1201 1185 1282 1234 cribri
1349 1187 1418 1248 godes

261 1253 294 1315 in
310 1251 423 1327 celum,
439 1250 518 1314 vidit
533 1201 665 1332 gioriam
687 1249 760 1324 Dei,
777 1258 809 1312 et
828 1249 939 1312 Jesum
962 1258 1097 1314 stantem
1119 1250 1160 1314 ad
1181 1249 1329 1314 dexteras
1342 1247 1416 1324 Dei,

263 1352 379 1418 7cvoeb
398 1354 472 1402 heono
516 1351 604 1400 iesivm
635 1351 729 1398 heofnas
772 1352 876 1413 vntyndo
926 1361 942 1414 Ἰ
1003 1369 1060 1400 svnv
1124 1369 1219 1400 mounes
1284 1352 1414 1399 stondende

263 1425 296 1481 et
318 1416 371 1492 ait,
397 1416 490 1491 Ecce,
517 1414 609 1478 video
635 1413 730 1478 caelos
755 1422 890 1497 apertos,
923 1425 957 1479 et
986 1414 1086 1478 filium
1111 1415 1247 1478 hominis
1279 1425 1419 1479 stantem

271 1527 296 1567 to
341 1517 444 1566 svibrvm
470 1515 540 1581 godes

266 1582 305 1646 ad
322 1581 469 1646 dexteras
484 1580 556 1644 Dei.

379 1729 516 1792 gisettedvm
574 1732 629 1779 cnei
738 1729 818 1778 Stefan
915 1730 1002 1794 gieeide
1059 1732 1132 1780 steine
1185 1733 1253 1780 mici?
1285 1731 1421 1780 eroebende

310 1793 368 1876 (4.)
395 1792 511 1856 Positis
534 1793 678 1876 genibus,
696 1793 877 1878 Stephanus
892 1793 1038 1858 clamavit
1059 1816 1136 1859 voce
1157 1817 1280 1880 magna,
1298 1795 1419 1872 dicens,

296 1892 367 1940 driht'
442 1909 473 1942 ne
513 1893 622 1941 salebri
654 1895 703 1942 him
746 1893 786 1941 ais
861 1911 922 1958 synn
1037 1897 1120 1961 7mii5
1132 1897 1168 1960 ty
1195 1896 1235 1945 tis
1294 1897 1394 1960 gicvoeb

265 1951 414 2030 Domine,
441 1977 482 2018 ne
508 1965 628 2020 statuas
654 1956 716 2020 illis
738 1955 799 2022 hoc
821 1969 1005 2043 peccatum3
1029 1970 1070 2037 et,
1088 1982 1159 2025 cum
1188 1961 1249 2024 hoc
1275 1961 1422 2038 dixisset,

297 2055 420 2118 i’eslepde
468 2058 494 2104 in
543 2055 635 2106 dn'htne

266 2119 453 2183 obdormivit
466 2120 500 2182 in
516 2120 662 2185 Domino.

449 2255 559 2316 sgcmdon
652 2256 763 2318 Stephan'
810 2273 877 2320 paras
893 2259 1080 2324 ondredende7
1128 2263 1227 2324 porhtou
1293 2261 1352 2326 pop'

312 2317 370 2399 (5.)
396 2317 595 2382 Cureverunt
608 2319 805 2404 Stephanum
820 2321 879 2384 viri
895 2321 1040 2400 timorati,
1058 2334 1090 2389 et
1100 2325 1245 2389 fecerunt
1255 2325 1424 2410 planctum

307 2419 370 2466 micil
477 2418 510 2465 ot’
586 2420 641 2468 hine
715 2420 787 2469 f'bon
819 2422 894 2472 Sabe
916 2427 1073 2488 tostrogdeno
1106 2443 1189 2476 voeron
1261 2425 1295 2475 oi'
1308 2429 1409 2476 ioerdon

268 2499 416 2565 magnum
447 2503 543 2566 super
572 2503 661 2559 eum;
696 2481 794 2567 igitur
831 2487 886 2571 qui
933 2487 1067 2572 dispersi
1105 2499 1196 2555 erent
1225 2489 1426 2556 transiebant

291 2584 393 2644 godspell
404 2583 509 2632 bodende
573 2586 630 2633 rord
693 2587 762 2648 godes

270 2645 522 2729 evangelizantes
536 2649 666 2712 verbum
692 2649 764 2712 Dei.

574 2895 666 2951 rrum,
690 2871 854 2943 cotnra-m
878 2899 971 2945 uuna
991 2903 1109 2948 summ
1198 2957 1204 2964 ,

407 3057 441 3103 sel
506 3073 533 3104 vs
654 3059 740 3108 vebid’
838 3062 909 3110 driht'
943 3065 986 3124 pte
997 3079 1025 3112 re
1035 3065 1088 3127 gilio
1100 3065 1151 3114 siet
1185 3068 1229 3126 pte
1262 3069 1425 3134 vebigeongas

314 3119 373 3203 (1.)
398 3119 452 3182 Da
474 3119 574 3197 nobis,
600 3143 781 3206 quesumus,
798 3123 945 3202 Domine,
990 3126 1105 3192 imitari
1165 3130 1250 3214 quod
1276 3133 1425 3210 colimus,

279 3223 299 3280 s
359 3221 502 3296 vagiuoma
562 3239 579 3287 7
659 3225 748 3274 roncas
890 3229 937 3276 ivs
1026 3228 1097 3278 reon
1155 3232 1199 3285 ,us
1287 3221 1410 3300 tymaeus

267 3292 303 3346 ut
353 3283 509 3348 drscamus
557 3295 590 3350 et
636 3287 780 3352 inimicos
830 3289 971 3372 diligere,
1020 3293 1095 3376 quia
1141 3295 1211 3378 ejus
1277 3299 1426 3363 natalitia

300 3383 438 3433 remersiab
484 3386 561 3438 sebe¹
599 3397 638 3437 vat
698 3393 749 3452 pvt'
802 3389 837 3437 f'e
889 3441 891 3448 ,
934 3392 1050 3441 oehtervm
1157 3399 1251 3459 gibidds
1302 3397 1320 3446 ὃ

268 3448 463 3512 celebramus
493 3449 548 3534 qui
575 3451 663 3516 novit
678 3453 772 3515 etiam
788 3474 845 3535 pro
860 3456 1114 3536 persecutoribus
1129 3481 1268 3538 exorare,
1285 3483 1343 3546 per

468 3584 531 3631 allm'
725 3601 762 3632 ece
898 3590 943 3650 god
975 3589 1052 3639 brito
1093 3593 1222 3642 hvmoendo
1274 3594 1407 3646 moveram

314 3645 373 3728 (2.)
399 3645 619 3730 Omnipotens,
645 3648 834 3731 sempiterne
858 3650 958 3726 Deus,
989 3654 1045 3737 qui
1073 3654 1227 3739 primitias
1244 3669 1424 3744 martyrum

222 3743 225 3748 ’
267 3748 292 3794 in
319 3749 399 3810 eadigi
418 3747 507 3796 diaeon'
564 3748 652 3797 Stefan'
732 3751 799 3798 blodo
890 3751 1030 3816 ‘haelgadest
1089 3759 1122 3805 sel
1193 3755 1319 3808 vebiddab
1377 3766 1425 3823 {ite

267 3809 301 3872 in
316 3811 401 3874 beati
416 3811 511 3874 levite
528 3811 682 3895 Stephani
697 3814 851 3898 sanguine
871 3768 1033 3896 iedicasti,
1047 3819 1159 3898 tribue,
1173 3842 1355 3906 quesumus,
1387 3837 1425 3890 ut

280 3910 315 3960 f'e
363 3927 389 3959 vs
469 3910 589 3974 gibingere
653 3916 749 3962 ostonde
790 3917 856 3966 sebe
897 3912 930 3966 f'e
962 3920 1000 3968 his
1065 3926 1116 3984 prt'
1212 3915 1353 3973 Peoeht’vm

265 3996 323 4060 pro
338 3973 428 4038 nobis
443 3975 631 4039 intercessor
646 3977 769 4056 existat,
802 3980 857 4064 qui
882 3983 1022 4068 proauis
1044 3985 1140 4049 etiam
1162 3989 1424 4073 persecutoribus

297 4076 373 4138 gibarm
445 4074 463 4122 5
647 4097 651 4102 ·

266 4137 415 4213 exoravit,
431 4159 489 4223 per

438 4274 483 4335 god
534 4269 613 4352 &viic
640 4276 689 4339 vsig
745 4280 857 4354 ancendqs
900 4279 969 4328 binos
1016 4283 1137 4332 r'imodliee
1237 4286 1397 4353 inlichomvng

309 4335 369 4419 (3.)
404 4335 505 4413 Deus,
545 4361 597 4424 qm
636 4361 693 4403 nos
723 4341 879 4426 umgemti
915 4343 963 4407 tui
992 4345 1165 4412 clementer
1200 4347 1423 4418 incarnatione
