3040 5074
502 449 733 546 anecd-saxon
757 501 889 546 arrum.
1213 493 1271 554 131

117 633 208 717 putei
223 634 319 719 hujus
334 633 511 699 sanctifices
527 637 614 701 etad
629 659 827 704 communem
843 641 939 706 vitam
962 643 1115 706 concedas
1137 643 1272 722 salubre,

117 770 151 824 et
174 761 220 826 ita
245 783 285 826 ex
310 784 348 828 eo
368 762 479 847 fugare
500 764 639 848 digneris
660 789 785 832 omnem
806 768 961 880 diabolicq
986 771 1201 854 temptationis
1225 771 1273 835 in·

115 905 253 960 cursum,
267 893 304 949 ut
313 885 495 972 quicunque
505 867 594 954 exeo
604 893 644 956 ab
653 892 706 957 hic
717 893 859 957 hauserit
870 893 1039 972 biberetm,
1050 897 1101 962 vel
1112 897 1145 960 iu
1155 897 1271 982 quibus

117 1010 196 1075 libet
220 1010 406 1076 necessariis
428 1013 538 1078 usibus
564 992 677 1081 hausta
696 1040 779 1103 aqua
802 1041 879 1084 usus
903 1020 1007 1097 fuerit,
1032 1022 1130 1086 totius
1145 1022 1271 1088 virtutis

117 1158 156 1200 ac
171 1136 314 1202 sanitatis
329 1137 497 1204 dulcedine
519 1141 709 1226 perfruatur,
726 1153 763 1208 ut
778 1143 835 1208 tibi
851 1167 975 1230 semper
995 1147 1219 1214 sanctificatori
1238 1158 1272 1216 et

117 1261 266 1327 salvatori
281 1262 422 1329 omnium
437 1263 576 1328 Domino
592 1264 710 1350 gratias
724 1287 817 1352 agere
833 1277 1008 1346 mereatur3
1031 1291 1089 1354 per

164 1581 222 1664 (1.)
249 1580 364 1644 Preces
390 1600 551 1645 servorum
577 1589 713 1656 tuorum,
741 1581 832 1644 Deus
857 1579 1031 1659 miserator,
1062 1583 1186 1660 exaudi,
1214 1584 1270 1669 qui

117 1707 197 1771 vivis
209 1716 242 1772 et
256 1729 370 1792 regnas
385 1729 442 1792 per
457 1705 563 1770 omnia
574 1703 700 1769 saecula
715 1705 931 1784 saeculorum3
958 1707 1071 1770 Amen.

164 1833 223 1917 (2.)
250 1831 385 1909 Exaudi,
409 1853 591 1918 quesumus,
612 1829 759 1906 Domine,
783 1851 895 1934 preces
911 1853 1071 1896 servorum
1086 1841 1221 1909 tuorum,
1238 1843 1271 1897 et

117 1958 237 2043 perduc
257 1981 315 2022 nos
337 1958 375 2023 ad
397 1979 495 2042 regna
515 1956 684 2032 caelorum,
710 1956 765 2042 qui
787 1956 865 2021 vivis
888 1966 921 2023 et
942 1957 1065 2044 regnas,
1089 1959 1189 2036 Deus,
1213 1982 1271 2045 per
1291 2039 1294 2048 Ι

117 2085 224 2150 omnia
239 2085 348 2180 spcula
362 2084 560 2197 spculorum3
585 2083 700 2146 Amana

422 2337 461 2414 ›1‹
473 2331 596 2396 Auctor
607 2331 722 2407 ,salutis
737 2331 859 2408 unicus,

423 2456 541 2520 Mundi
556 2456 714 2520 redemtor
730 2455 867 2532 inclitus,

424 2582 487 2657 Tu,
505 2581 642 2656 Christe,
658 2579 749 2644 nobis
764 2601 911 2656 annuam,

423 2705 535 2770 Crucis
551 2705 692 2770 secunda
706 2704 848 2788 gloriam.

465 2862 519 2926 Tu
534 2870 637 2946 sputa,
655 2860 815 2946 colaphos,
832 2861 967 2938 vincula,

423 2989 467 3054 Et
481 2987 549 3052 dira
563 3009 675 3074 passus
690 2988 829 3064 verbera,

422 3116 559 3179 Crucem
574 3112 682 3176 volens
699 3111 895 3186 ascenderas,

394 3281 401 3294 ι
422 3240 559 3304 Nostrae
575 3237 685 3303 salutis
700 3237 810 3322 gratia.

466 3400 552 3464 Hinc
568 3408 699 3462 mortem
714 3406 815 3463 morte
830 3395 967 3468 diruens,

421 3527 529 3591 Vitam
545 3547 627 3611 quae
642 3525 707 3589 vita
721 3523 867 3608 largiens,

421 3653 539 3718 Mortis
553 3652 731 3716 ministrum
747 3649 925 3724 subdolum,

423 3779 595 3844 Deviceras
610 3776 778 3840 diabolum.

465 3932 561 3994 Nunc
575 3929 609 3992 in
626 3927 766 4013 parentis
780 3926 920 4001 dextera,

426 4060 555 4122 Sacrata
568 4039 693 4140 fulge'us
708 4052 844 4128 victima,

423 4181 520 4259 Audi,
536 4199 711 4267 precamur,
727 4175 831 4240 vivido

423 4309 497 4372 Tuo
512 4307 691 4390 redemptos
707 4301 868 4387 sanguine.
