2986 5074
474 503 707 549 annno-saxon
732 506 863 553 ninum.
1199 500 1239 563 47

132 634 184 682 euri
250 634 397 697 syndirlioei
443 638 543 688 indoelde
631 643 740 705 ondgetea
773 643 1099 709 biddendesigigiv...»ndes
1147 649 1194 700 lara

85 698 218 760 auribus
228 698 420 766 excellenter
430 701 555 780 infudit,
567 704 797 790 intelligentiae
834 710 1032 794 conpetentis
1066 712 1241 780 eruditione

84 800 335 864 onfoeveiginimme
384 801 403 850 ὃ

130 863 302 950 capiamus,
362 887 420 950 per

298 1001 362 1078 qllm'
523 1021 561 1080 eqo
681 1007 726 1068 god
765 1005 840 1055 divite
865 1007 941 1057 dhaes
957 1007 1016 1137 §ges
1083 1012 1198 1075 ar'pyrdtre

131 1063 191 1146 (6.)
216 1063 437 1150 Omnipotens,
450 1069 753 1151 aemp1temeDeus,
775 1070 832 1155 qui
850 1070 946 1156 hujus
979 1073 1240 1161 ieivenerandam

46 1169 51 1184 ’
118 1165 218 1228 beligne
234 1181 268 1216 rec
362 1166 432 1230 glaed'
496 1171 579 1232 eadges
626 1173 722 1233 apostol'
748 1171 819 1220 dines
876 1174 933 1222 Joh’
1007 1191 1023 1240 7
1072 1179 1208 1241 godepeller'

84 1239 291 1316 sanctamque
320 1229 472 1296 laetitiam
493 1233 579 1297 beati
601 1235 735 1318 apostoli
758 1235 806 1299 tui
820 1236 972 1304 Johannis
995 1249 1029 1304 et
1047 1243 1239 1327 evangeliste

100 1331 241 1391 symbeltide
304 1333 403 1408 pauidas
460 1335 494 1386 rel
568 1336 648 1384 oirieae
689 1337 758 1385 dinre
813 1355 841 1388 ve
851 1337 901 1388 bid'
989 1356 1005 1404 7
1052 1344 1106 1392 lvfia
1172 1349 1216 1406 pte

83 1393 258 1460 festivitate
281 1396 427 1473 tnbuisti‚
454 1397 495 1462 da
520 1398 670 1463 ecclesiae
685 1409 759 1478 tuae,
777 1423 958 1488 quesumus,
984 1416 1018 1470 et
1032 1427 1136 1472 amare
1155 1410 1239 1495 quod

116 1495 194 1544 lvfade
253 1499 410 1560 7·'bodia
500 1503 535 1562 'h
593 1503 688 1564 gilarde

82 1559 227 1637 eredidit,
244 1571 277 1626 et
290 1563 462 1646 praedicaro
476 1565 563 1650 quod
577 1565 694 1643 docuit,
709 1587 767 1650 per

430 1808 467 1851 IN
489 1807 620 1853 NATALE
643 1808 892 1854 lNNOCENTIUM·
963 1805 964 1811 ’

400 1947 464 1997 {tam
479 1949 579 2012 iogisaeh
616 1933 671 1999 hvis
744 1965 807 1998 more
880 1950 934 1999 Sion
984 1950 1045 2000 lemb
1097 1951 1224 2001 stondende

128 1981 189 2094 (l.)
215 1964 382 2076 iiidiebus
401 2011 464 2076 illia
494 2012 559 2076 vidi
595 2034 691 2099 supra
704 2017 844 2078 montem
866 2014 943 2077 Sion
957 2035 1074 2098 agnum
1089 2025 1235 2094 stantem,

90 2127 106 2175 7
138 2112 190 2160 mio
218 2113 281 2163 dem
312 2114 417 2164 hundred
492 2115 602 2192 feovertig
692 2117 770 2165 feover
822 2116 927 2166 itvsendo
970 2117 1097 2167 haebbendo
1136 2135 1203 2167 nome

80 2185 204 2241 etcum
233 2199 272 2242 eo
300 2179 652 2264 centum-quadragmta
666 2189 802 2264 quatuor
826 2180 922 2258 milia,
949 2180 1103 2248 habentes
1117 2204 1233 2247 nomen

96 2279 134 2356 hia
176 2293 193 2343 7
235 2296 302 2330 noma
368 2281 442 2358 fadop’
489 2282 527 2330 his
591 2283 693 2358 apritten
732 2283 757 2330 in
791 2283 918 2332 ondiiotvm
961 2283 998 2331 his

80 2364 151 2428 ejus
166 2352 201 2408 et
214 2365 330 2408 nomen
351 2354 450 2430 patrus
472 2346 541 2430 ejus
555 2355 708 2431 scuptum
722 2345 756 2410 in
770 2345 926 2412 frontibus
940 2346 1015 2411 suis.
1052 2407 1055 2414 .

222 2496 347 2561 icgiherde
397 2497 470 2546 steine
532 2497 558 2545 os
602 2497 685 2546 heotni
767 2497 858 2556 svoeloe,
956 2497 1030 2546 steine
1110 2496 1190 2546 vaetra’

126 2561 187 2656 (2.)
221 2558 340 2626 Audivi
373 2583 482 2626 vocem
521 2560 562 2626 de
583 2560 674 2626 -celo
717 2568 893 2647 tamquam
935 2581 1045 2626 vocem
1078 2574 1232 2646 aquarum

128 2665 234 2728 monigra
290 2679 307 2728 7
372 2663 459 2713 svoelce
536 2663 609 2712 steine
660 2663 762 2711 douvres
818 2664 897 2712 miclau
956 2679 972 2727 7
1014 2663 1076 2714 stefn
1182 2666 1202 2725 ᾧ

79 2727 261 2805 multarum,
278 2736 391 2793 ettam
406 2749 501 2814 quam
522 2747 632 2792 vocem
653 2726 795 2808 tonitrui
806 2726 921 2812 magni,
952 2737 985 2792 et
998 2739 1107 2792 vocem
1136 2749 1232 2814 quam

79 2831 202 2894 iogiherde
233 2848 286 2880 avae
382 2832 492 2894 hearpara
619 2830 762 2893 hearpandra
852 2831 877 2878 in
920 2830 1004 2893 hear-p?
1052 2831 1103 2879 sini
1182 2822 1185 2828 ’
1226 2823 1228 2830 “

88 2895 196 2958 audivi
222 2895 304 2960 sieut
318 2895 559 2981 cytharedorum
573 2892 834 2980 cytharizantium
850 2893 884 2958 in
898 2894 1036 2980 cytharis
1050 2895 1125 2960 suis.

241 3047 353 3110 gisvngan
407 3047 475 3110 balga
486 3061 553 3110 paras
585 3044 672 3094 evoeloe
736 3045 825 3108 lofaong
904 3045 958 3093 nive
1006 3043 1103 3093 aertf’e
1143 3045 1209 3110 eedle

124 3112 185 3196 (3.)
211 3111 390 3176 Cantabant
435 3109 535 3175 sancti
580 3108 671 3194 quasi
697 3109 854 3173 canticum
877 3128 994 3171 novum
1017 3117 1090 3172 ante
1113 3108 1229 3184 sedem,

87 3227 103 3276 7
136 3214 196 3263 bif’a
265 3214 327 3263 feoro
434 3220 505 3262 netno
580 3225 597 3275 7
672 3211 725 3260 aido
815 3226 832 3274 7
857 3209 962 3276 nauigii
997 3210 1081 3258 mahte
1119 3208 1231 3272 gicvoeta

80 3287 113 3342 et
137 3287 213 3344 ante
239 3288 375 3364 quatuor
399 3275 548 3342 animalia
572 3283 606 3339 et
625 3274 782 3352 seniores3
805 3283 839 3338 et
860 3295 953 3340 nemo
975 3281 1100 3360 poterat
1124 3273 1229 3344 dicere

99 3383 220 3446 ploiaong
245 3377 333 3429 'bvtan
344 3379 407 3428 iiam
438 3377 544 3428 hundredi
632 3378 715 3454 feortiq
827 3377 889 3425 t'eoro
927 3376 1031 3425 ducendo
1047 3374 1118 3425 dade
1137 3376 1231 3439 gibohto

80 3446 239 3511 canticum
264 3445 326 3510 nisi
348 3443 405 3507 illa
426 3452 554 3508 centum
566 3441 920 3528 quadragintaquatuor
933 3441 1030 3518 milia,
1051 3440 1107 3526 qui
1130 3438 1229 3524 empti

94 3564 149 3597 aron
175 3549 202 3598 of
234 3550 300 3598 earde

75 3622 153 3704 vsunt
167 3613 208 3678 de
221 3622 314 3678 terra

214 3761 259 3810 itas
306 3775 362 3809 aron
394 3757 468 3808 osea
500 3757 550 3808 mid
655 3756 726 3806 visum
839 3772 869 3804 ne
911 3757 994 3804 sindon
1057 3754 1173 3830 pividlado
1207 3817 1214 3830 ι

123 3828 182 3911 (a)
220 3826 266 3891 Hi
291 3832 375 3900 sunt,
405 3822 461 3908 qui
489 3843 563 3888 cum
597 3820 783 3885 mulieribus
820 3840 885 3882 non
918 3827 994 3882 sunt
1022 3825 1227 3900 comqmnatu

89 3925 209 3978 hehstaldo
249 3926 321 3976 f'iton
347 3926 431 3974 sindon
453 3924 498 3973 &aa
518 3939 585 3973 ,aron
618 3922 688 3971 haita
728 3919 832 3988 gifylgnh
901 3920 993 3981 plomb
1057 3918 1185 3966 svahvidre

79 3989 215 4075 virgines
239 3990 324 4056 enim
344 3998 437 4068 sunt3
459 3989 493 4052 hi
519 3995 594 4052 sunt
624 3987 679 4072 qui
704 3995 855 4050 secuntur
883 4004 1001 4069 agnum
1027 3989 1227 4068 quocumque

206 4292 251 4341 itas
283 4307 339 4340 aron
366 4289 441 4339 tate
473 4291 592 4352 gicvomon
630 4289 657 4335 of
718 4293 825 4362 oostvnge
913 4285 979 4332 micle
1035 4299 1052 4347 7
1095 4281 1202 4344 adrogon

114 4357 182 4450 75.)
207 4356 254 4420 Hi
269 4363 353 4432 sunt,
376 4353 432 4440 qui
454 4360 609 4418 venerunt
620 4350 659 4416 de
671 4349 873 4416 tribulatrone
887 4369 1010 4432 magna,
1027 4356 1060 4412 et
1083 4345 1228 4410 laverunt
