3040 5074
638 524 873 568 Anotdsaxort
898 523 1030 566 RITUM..

732 758 936 802 ANTlPllONA.

300 871 358 953 (l.)
385 869 449 935 Hic
474 880 524 935 est
546 871 708 936 lohannes
734 871 870 936 dilectus
890 869 1077 956 discipulus,
1104 869 1159 956 qui
1181 889 1278 954 supra
1300 876 1418 953 pectus

257 995 390 1060 Domini
405 996 439 1060 in
453 1017 532 1062 cena
546 997 701 1063 recubuit.

300 1122 349 1185 V'.
374 1121 438 1188 Hic
453 1131 502 1190 est
516 1125 676 1190 Johannes
691 1133 812 1190 amator
827 1123 966 1189 caritatis
981 1133 1014 1188 et
1029 1131 1137 1188 eustos
1151 1122 1260 1188 matris
1277 1122 1357 1205 ejus.

765 1299 900 1342 ORATIO.

303 1417 362 1500 (l.)
387 1416 488 1492 Deus,
517 1415 572 1501 qui
598 1437 655 1500 per
678 1436 713 1478 os
736 1413 820 1477 beati
849 1411 1003 1476 Johannis
1028 1409 1224 1521 evangeliste
1246 1409 1337 1473 verbi
1368 1410 1419 1474 tui

258 1541 350 1607 nobis
364 1542 501 1607 archana
515 1539 671 1616 reserasti,
698 1548 813 1624 presta,
831 1559 1023 1624 quaesumus,
1051 1545 1088 1600 ut
1112 1535 1196 1621 qnod
1219 1535 1274 1599 ille
1298 1535 1419 1601 nostris

255 1667 384 1733 auribus
400 1670 592 1735 excellenter
614 1667 739 1743 infodit,
763 1663 990 1748 intellegentiae
1010 1663 1209 1750 conpetentis
1225 1673 1291 1728 tuae
1308 1663 1420 1728 erudi-

258 1792 346 1857 tione
362 1795 533 1880 capiamus,
549 1815 607 1879 per

655 1949 700 1990 AD
723 1946 997 1991 CONFESSOBIBUS·

732 2056 937 2100 ANTIPHONA·

301 2177 360 2260 (l.)
384 2177 514 2240 Justum
529 2171 662 2236 deduxit
678 2171 836 2236 Dominus
855 2191 912 2255 per
933 2167 1000 2234 vias
1022 2179 1134 2247 rectas,
1158 2179 1192 2234 et
1213 2171 1354 2236 ostendit
1369 2172 1419 2236 illi

256 2325 393 2390 regnum
409 2301 482 2366 Dei.

301 2430 349 2493 V’.
375 2427 503 2494 Amavit
519 2447 591 2492 eum
604 2422 762 2488 Dominus
776 2431 810 2486 et
824 2422 947 2488 ornavit
961 2445 1043 2501 eum,
1060 2423 1142 2489 stola
1156 2423 1258 2532 glorie
1273 2425 1389 2491 induit.
1511 2481 1512 2519 ζ

769 2605 901 2649 ORATIO.

304 2721 363 2805 (1.)
390 2719 526 2797 Exaudi,
542 2717 691 2794 Domine,
717 2737 827 2802 preces
850 2725 987 2794 nostras,
1012 2739 1091 2804 quas
1111 2719 1145 2781 in
1166 2720 1269 2784 sancti
1291 2721 1416 2786 confes-

260 2846 339 2912 soris
351 2847 398 2912 tui
421 2857 517 2934 atque
532 2843 700 2933 pontificis,
723 2843 764 2907 N.
788 2844 1013 2926 [Cuthberhti]
1039 2847 1337 2912 commemoratione
1362 2847 1420 2911 de·
1509 2883 1510 2895 κ

255 2973 395 3051 ferimus,
409 2973 476 3050 tibi,
489 2977 707 3059 [quesumus]
718 2970 838 3036 meritis
850 2973 890 3037 ab
902 2973 1048 3038 omnibus
1059 2996 1117 3038 nos
1127 2974 1253 3040 absolve
1262 2975 1416 3062 peccatis,

259 3122 316 3186 per

705 3245 748 3288 AD
771 3246 958 3290 MARTYRES.

766 3358 898 3401 ORATIO·

303 3468 362 3549 (1.)
394 3467 514 3543 Praete,
542 3489 736 3552 quaesumus,
768 3469 967 3555 omnipotens
997 3471 1097 3549 Deus,
1129 3482 1166 3536 ut
1195 3473 1414 3538 intercedente

257 3586 360 3663 beato,
384 3587 426 3652 N.
449 3597 586 3673 martyre
612 3597 677 3665 tuo,
701 3607 720 3653 a
743 3589 866 3654 cunctis
888 3590 1129 3657 adversitatibus
1155 3573 1354 3661 inveniamur
1380 3599 1413 3662 in
1505 3567 1506 3647 l

259 3735 401 3798 corpore,
417 3723 450 3778 et
465 3737 484 3778 a
498 3713 603 3801 pravis
618 3713 861 3799 cogitationibus
876 3737 934 3780 nos
949 3717 1139 3782 mundemur
1152 3719 1186 3784 in
1200 3733 1317 3800 mente,
1335 3745 1393 3810 per
1504 3753 1505 3836 r

632 3893 677 3936 An
699 3891 813 3936 onnus
836 3891 1029 3938 arosronos.

767 4001 900 4047 onsrro.

302 4117 360 4200 (l.)
386 4116 517 4193 Adesto,
530 4115 677 4192 Domine,
694 4115 956 4202 suplicationibus
976 4117 1101 4194 nostris,
1118 4128 1152 4184 et
1165 4123 1348 4206 apostolicis
1364 4126 1412 4189 in·

256 4242 499 4308 terceseionibus
515 4243 718 4320 confidentes,
734 4265 794 4308 nec
810 4243 910 4308 minas
928 4244 1160 4311 adversantium
1177 4270 1237 4314 nec
1252 4250 1319 4315 ullo
1341 4274 1411 4338 per·
1501 4233 1502 4314 l

256 4370 421 4433 turbemur
435 4370 574 4446 incursu,
590 4392 648 4455 per
