2986 5074
256 483 298 542 34
634 495 869 540 anonosnxon
893 495 1024 540 arruns.

417 634 462 695 god
519 630 595 682 bulte
635 634 685 696 vsig
731 634 816 696 dydest
888 633 969 682 ecclic?
1108 634 1227 682 eostorlico
1265 635 1353 698 symbol
1361 631 1410 682 tido

302 696 361 780 (4.)
397 696 497 772 Deus,
534 696 590 782 qui
630 718 688 760 nos
722 695 826 760 fecisti
861 696 1014 761 hodierna
1050 719 1080 762 ie
1095 697 1257 782 paschalia
1300 698 1383 762 festa

289 799 373 860 gimers
460 802 490 847 do
540 817 566 848 vs
645 799 735 848 vebid'
795 801 820 847 in
868 800 950 847 heafne
1015 799 1048 848 ric
1116 801 1204 863 gileaga
1268 800 1286 848 ὕ

257 861 426 939 celebrare,
442 864 492 928 fac
511 885 578 940 nos,
596 885 777 949 quesumus,
791 863 824 926 in
840 863 961 927 coelesti
975 885 1073 947 regno
1087 864 1235 948 gaudere,
1251 886 1309 950 per
1323 865 1364 928 D’

443 1038 497 1101 higo
595 1036 639 1084 ain
721 1037 810 1099 pebid'
913 1035 984 1086 driht'
1066 1038 1145 1088 sribre
1195 1037 1240 1085 ain
1289 1037 1371 1086 ecelioe

304 1102 362 1187 (5.)
389 1097 553 1166 Familiam
565 1109 661 1176 tuam,
679 1122 861 1185 quesumus,
878 1100 1025 1176 Domine,
1042 1101 1173 1166 dextera
1187 1109 1243 1164 tua
1257 1109 1413 1186 perpetua

291 1205 409 1266 ymbselle
474 1203 569 1252 frltvme
619 1206 663 1264 pto
712 1203 824 1250 eostorlic'
895 1202 1085 1265 t'egi'cingendri
1167 1204 1256 1266 symbel
1267 1204 1302 1250 tid
1375 1203 1412 1249 fro

259 1267 432 1332 circumdet
462 1267 590 1344 auxilio,
629 1275 666 1330 ut
695 1265 835 1351 paschali
871 1266 1101 1332 interveniente
1132 1267 1339 1341 solemnitate,
1371 1267 1412 1328 ab

269 1371 324 1418 aelci
358 1369 616 1434 poelpibinnvednise
659 1371 769 1432 giscilded
815 1370 905 1433 geafrm
987 1371 1115 1418 heofonlici
1260 1369 1347 1432 gifylga

260 1433 345 1497 omni
421 1433 575 1520 pravitate
645 1433 776 1498 defensa
818 1433 909 1498 donis
953 1433 1143 1498 caelestibus
1191 1441 1412 1518 prosequatur,

260 1621 317 1686 per

436 1753 494 1814 giles
594 1766 623 1799 ve
643 1748 693 1798 bid’
784 1749 901 1798 miltheart
976 1751 1022 1813 god
1057 1752 1165 1811 §teli
1253 1748 1371 1797 eostorlici

304 1816 362 1900 (6.)
389 1814 545 1890 Concede,
558 1834 740 1898 quesumus,
757 1812 934 1878 misericors
946 1813 1046 1889 Deus,
1064 1822 1099 1878 ut
1115 1813 1198 1898 quod
1211 1811 1413 1899 paschalibus

291 1919 417 1980 vegifylga
481 1917 604 1965 insetnissi
648 1917 845 1978 poestimberends
894 1932 920 1964 vs
969 1917 1049 1964 aelcrrn
1113 1917 1162 1964 tide
1259 1913 1379 1976 vcgifocle

260 1981 447 2066 exequimur
461 1979 625 2056 institutis,
649 1979 847 2042 fructiferum
864 1979 955 2043 nobis
971 1979 1056 2043 omni
1072 1988 1213 2064 tempore
1229 1977 1414 2051 sentiamus,

259 2083 317 2232 pler
332 2147 374 2210 Ι)’

421 2295 564 2342 eostorlicvm
629 2311 655 2344 vs
761 2297 848 2345 vebid'
957 2297 1029 2345 driht'
1093 2297 1207 2346 lecedomi
1238 2297 1416 2360 giuieodvmlice

306 2358 365 2442 (7.)
381 2357 586 2422 Pascbalibus
602 2358 701 2436 nobis,
719 2382 901 2444 quesumus,
918 2361 1066 2438 Domine,
1082 2361 1230 2426 remediis
1244 2361 1416 2444 dignanter

309 2462 363 2524 agel
440 2463 484 2522 {tte
525 2463 622 2510 eerdlico
713 2463 773 2511 lvsto
870 2463 913 2527 pia
927 2465 1044 2528 saecgende
1102 2465 1222 2541 giliorniga
1233 2479 1262 2526 pe
1310 2470 1406 2524 untyna
1476 2469 1477 2484 ¹

259 2524 406 2610 inpendo,
440 2538 477 2588 ut
510 2534 635 2590 terrena
663 2526 818 2591 desideria
860 2537 1055 2612 respuentes,
1103 2529 1262 2594 discamus
1290 2525 1417 2591 inhiare

260 2628 387 2676 heofonlico
436 2626 453 2674 a

261 2691 398 2766 celestia,
415 2713 472 2776 per
486 2691 661 2754 Dominum

432 2843 511 2906 gihald
586 2845 612 2892 in
666 2845 717 2908 vsig
822 2846 910 2894 vebid'
1020 2847 1092 2894 driht'
1199 2842 1360 2893 miltheartnis¹

309 2906 368 2990 (8.)
394 2906 555 2972 Conserva
583 2907 617 2970 in
646 2908 747 2984 nobis,
779 2929 960 2992 quesumus,
987 2909 1136 2986 Domine,
1166 2906 1415 2972 misericordiam

293 3008 338 3058 ain
387 3025 403 3073 Ἰ
447 3009 480 3058 aa
515 3011 551 3058 fro
583 3011 685 3073 gidroles
716 3009 838 3074 gifriabest
906 3011 967 3059 mist'
1034 3011 1176 3060 sobfaestnis'
1197 3010 1266 3058 binos
1296 3009 1417 3057 tmmlicor

262 3082 358 3150 tuam,
375 3083 409 3137 et
424 3095 503 3158 quos
517 3074 558 3138 ab
578 3073 691 3140 erroris
708 3074 849 3139 liberasti
872 3075 1015 3160 caligine,
1032 3075 1173 3140 veritatis
1198 3083 1264 3138 tuae
1290 3071 1416 3137 firmius

308 3177 375 3240 ginea
407 3175 518 3224 budoast
614 3178 662 3226 lare
759 3177 777 3225 a

260 3239 405 3305 inherere
420 3240 514 3304 iacias
529 3239 728 3319 documento,
745 3264 802 3328 per
812 3243 855 3308 D’

488 3389 550 3466 qllm'
743 3405 782 3464 ece
911 3389 956 3451 god
1037 3391 1158 3440 bliaelieor
1209 3391 1273 3440 bem
1323 3393 1400 3467 ¹dag?

307 3455 365 3539 (9.)
405 3453 627 3538 Omnrpotens‚
657 3461 847 3537 sempiterne
870 3451 970 3528 Deus,
1001 3456 1188 3540 propensius
1220 3455 1271 3519 his
1299 3455 1416 3521 diebus

269 3556 343 3604 &inno
440 3555 564 3604 miltheart’
726 3555 852 3617 vegifylga
963 3555 1059 3606 osbern
1116 3559 1156 3607 hia
1232 3559 1321 3606 fvllicor
1368 3558 1417 3607 bec

261 3629 349 3684 tuam
386 3617 631 3684 misericordiam
667 3639 908 3703 consequamur,
951 3619 1066 3704 quibus
1099 3643 1169 3687 eam
1205 3621 1341 3706 plenius,
1382 3633 1416 3686 te

324 3722 420 3784 gelando
517 3739 545 3772 ve
555 3731 654 3785 ongeton
718 3719 736 3767 ὕ

259 3785 454 3870 la[r]giente,
471 3788 682 3871 cognovimus,
699 3805 757 3868 per
772 3782 946 3847 Dominum

437 3951 482 4012 god
530 3946 608 3996 avae
640 3943 675 3992 f'e
724 3945 777 3992 holo
816 3945 934 4022 middang’
986 3947 1076 3996 hvsvll
1165 3953 1270 4000 eostorlie

304 4015 385 4101 (10.)
410 4013 511 4088 Deus,
539 4009 594 4095 qui
623 4031 681 4094 pro
696 4007 798 4074 salute
812 4010 923 4073 mundi
937 4011 1124 4076 sacrificium
1138 4016 1286 4099 paschale
1298 4017 1417 4096 iecisti,
1472 4069 1473 4106 ,

916 4115 960 4174 ste
1001 4115 1109 4178 regiain
1139 4119 1184 4165 nae
1243 4120 1276 4167 ra
1348 4123 1403 4186 (εἰς

258 4180 429 4268 propitiare
459 4173 741 4262 supplicationibus
771 4175 885 4240 nostris
915 4187 960 4252 ut,
994 4177 1117 4265 interpe
1131 4180 1199 4245 lans
1232 4204 1290 4268 pro
1320 4187 1418 4250 nobis

290 4286 368 4346 biscop
450 4277 561 4329 hebrae
572 4279 667 4327 hohesta
737 4279 789 4340 vsig
827 4277 887 4326 berh
921 4281 940 4339 (5
1006 4284 1026 4342 tt
1116 4300 1168 4332 vser
1239 4287 1260 4333 is
1325 4290 1383 4351 gilio

258 4347 399 4430 pontifex
487 4363 638 4420 summus,
736 4363 794 4406 nos
828 4363 885 4426 per
914 4342 946 4406 id
977 4345 1061 4430 quod
1090 4347 1190 4412 nostri
1220 4360 1269 4415 est
1299 4351 1418 4417 similis

1465 4805 1471 5010 l
