<?xml version="1.0" encoding="UTF-8"?>
<!DOCTYPE html PUBLIC "-//W3C//DTD XHTML 1.0 Transitional//EN"
    "http://www.w3.org/TR/xhtml1/DTD/xhtml1-transitional.dtd">
<html xmlns="http://www.w3.org/1999/xhtml" xml:lang="en" lang="en">
 <head>
  <title>
</title>
<meta http-equiv="Content-Type" content="text/html;charset=utf-8" />
  <meta name='ocr-system' content='tesseract 3.04.00' />
  <meta name='ocr-capabilities' content='ocr_page ocr_carea ocr_par ocr_line ocrx_word'/>
</head>
<body>
  <div class='ocr_page' id='page_1' title='image "./ritualeecclesid00churgoog_0138.png"; bbox 0 0 3040 5074; ppageno 0'>
   <div class='ocr_carea' id='block_1_1' title="bbox 475 463 1288 556">
    <p class='ocr_par' dir='ltr' id='par_1_1' title="bbox 475 463 1288 556">
     <span class='ocr_line' id='line_1_1' title="bbox 475 463 1288 556; baseline 0.004 -8"><span class='ocrx_word' id='word_1_1' title='bbox 475 507 710 552; x_wconf 67' lang='lat' dir='ltr'>nunno-serron</span> <span class='ocrx_word' id='word_1_2' title='bbox 734 509 867 552; x_wconf 72' lang='lat' dir='ltr'>rurum„</span> <span class='ocrx_word' id='word_1_3' title='bbox 1186 493 1245 556; x_wconf 84' lang='lat'>117</span> <span class='ocrx_word' id='word_1_4' title='bbox 1259 463 1288 551; x_wconf 50' lang='lat' dir='ltr'>i,</span> 
     </span>
    </p>
   </div>
   <div class='ocr_carea' id='block_1_2' title="bbox 343 782 1010 850">
    <p class='ocr_par' dir='ltr' id='par_1_2' title="bbox 343 782 1010 850">
     <span class='ocr_line' id='line_1_2' title="bbox 343 782 1010 850; baseline 0.003 -26"><span class='ocrx_word' id='word_1_5' title='bbox 343 782 386 825; x_wconf 90' lang='grc' dir='ltr'>ΤΟ</span> <span class='ocrx_word' id='word_1_6' title='bbox 410 782 571 826; x_wconf 84' lang='lat' dir='ltr'>HUNTADE</span> <span class='ocrx_word' id='word_1_7' title='bbox 595 783 615 850; x_wconf 76' lang='grc'>7</span> <span class='ocrx_word' id='word_1_8' title='bbox 639 785 777 828; x_wconf 83' lang='lat' dir='ltr'><strong>WAETER</strong></span> <span class='ocrx_word' id='word_1_9' title='bbox 800 783 1010 828; x_wconf 80' lang='lat' dir='ltr'>HALGUNCGE.</span> 
     </span>
    </p>
   </div>
   <div class='ocr_carea' id='block_1_3' title="bbox 139 907 1246 1096">
    <p class='ocr_par' dir='ltr' id='par_1_3' title="bbox 139 907 1246 1096">
     <span class='ocr_line' id='line_1_3' title="bbox 239 907 1236 1010; baseline 0 -17"><span class='ocrx_word' id='word_1_10' title='bbox 239 907 419 1010; x_wconf 45' lang='lat' dir='ltr'>gibloedsvnges</span> <span class='ocrx_word' id='word_1_11' title='bbox 445 945 490 994; x_wconf 71' lang='lat' dir='ltr'>tin</span> <span class='ocrx_word' id='word_1_12' title='bbox 562 948 633 996; x_wconf 85' lang='lat' dir='ltr'>driht&#39;</span> <span class='ocrx_word' id='word_1_13' title='bbox 739 947 827 996; x_wconf 87' lang='lat' dir='ltr'>vebid&#39;</span> <span class='ocrx_word' id='word_1_14' title='bbox 916 945 1047 1009; x_wconf 79' lang='lat' dir='ltr'>monigsuld&#39;</span> <span class='ocrx_word' id='word_1_15' title='bbox 1099 945 1147 994; x_wconf 86' lang='lat' dir='ltr'>ofer</span> <span class='ocrx_word' id='word_1_16' title='bbox 1192 944 1236 994; x_wconf 66' lang='lat' dir='ltr'>das</span> 
     </span>
     <span class='ocr_line' id='line_1_4' title="bbox 139 1008 1246 1096; baseline 0.002 -24"><span class='ocrx_word' id='word_1_17' title='bbox 139 1008 198 1092; x_wconf 87' lang='lat'><strong>(1.)</strong></span> <span class='ocrx_word' id='word_1_18' title='bbox 225 1009 410 1074; x_wconf 84' lang='lat' dir='ltr'>Benedictio</span> <span class='ocrx_word' id='word_1_19' title='bbox 437 1019 503 1087; x_wconf 91' lang='lat' dir='ltr'>tuo,</span> <span class='ocrx_word' id='word_1_20' title='bbox 529 1010 677 1088; x_wconf 85' lang='lat' dir='ltr'><strong>Domine,</strong></span> <span class='ocrx_word' id='word_1_21' title='bbox 694 1022 877 1096; x_wconf 84' lang='lat' dir='ltr'>quesumus,</span> <span class='ocrx_word' id='word_1_22' title='bbox 913 1009 1041 1094; x_wconf 88' lang='lat' dir='ltr'>copiosa</span> <span class='ocrx_word' id='word_1_23' title='bbox 1069 1031 1165 1094; x_wconf 89' lang='lat' dir='ltr'>super</span> <span class='ocrx_word' id='word_1_24' title='bbox 1189 1009 1246 1074; x_wconf 84' lang='lat' dir='ltr'>has</span> 
     </span>
    </p>
   </div>
   <div class='ocr_carea' id='block_1_4' title="bbox 91 1111 1247 1261">
    <p class='ocr_par' dir='ltr' id='par_1_4' title="bbox 91 1111 1247 1261">
     <span class='ocr_line' id='line_1_5' title="bbox 91 1111 1221 1175; baseline 0.001 -17"><span class='ocrx_word' id='word_1_25' title='bbox 91 1111 259 1173; x_wconf 71' lang='lat' dir='ltr'>mpceinetto</span> <span class='ocrx_word' id='word_1_26' title='bbox 327 1111 443 1161; x_wconf 85' lang='lat' dir='ltr'>tohvnto’</span> <span class='ocrx_word' id='word_1_27' title='bbox 492 1115 537 1174; x_wconf 59' lang='lat' dir='ltr'>itte</span> <span class='ocrx_word' id='word_1_28' title='bbox 569 1115 595 1162; x_wconf 84' lang='lat' dir='ltr'>of</span> <span class='ocrx_word' id='word_1_29' title='bbox 672 1114 744 1162; x_wconf 86' lang='lat' dir='ltr'>hvntc</span> <span class='ocrx_word' id='word_1_30' title='bbox 875 1113 963 1160; x_wconf 82' lang='lat' dir='ltr'>vildeur</span> <span class='ocrx_word' id='word_1_31' title='bbox 1048 1111 1106 1160; x_wconf 66' lang='lat' dir='ltr'>nint</span> <span class='ocrx_word' id='word_1_32' title='bbox 1170 1113 1221 1175; x_wconf 82' lang='lat' dir='ltr'>gefe</span> 
     </span>
     <span class='ocr_line' id='line_1_6' title="bbox 145 1175 1247 1261; baseline 0.003 -24"><span class='ocrx_word' id='word_1_33' title='bbox 145 1184 230 1239; x_wconf 89' lang='lat' dir='ltr'>retes</span> <span class='ocrx_word' id='word_1_34' title='bbox 305 1175 459 1253; x_wconf 82' lang='lat' dir='ltr'>adveniat,</span> <span class='ocrx_word' id='word_1_35' title='bbox 491 1186 528 1241; x_wconf 91' lang='lat' dir='ltr'>ut</span> <span class='ocrx_word' id='word_1_36' title='bbox 556 1177 596 1242; x_wconf 92' lang='lat' dir='ltr'>de</span> <span class='ocrx_word' id='word_1_37' title='bbox 625 1177 792 1242; x_wconf 79' lang='lat' dir='ltr'>venatione</span> <span class='ocrx_word' id='word_1_38' title='bbox 826 1175 1010 1251; x_wconf 83' lang='lat' dir='ltr'>bestiarum,</span> <span class='ocrx_word' id='word_1_39' title='bbox 1050 1184 1106 1240; x_wconf 82' lang='lat' dir='ltr'>tna</span> <span class='ocrx_word' id='word_1_40' title='bbox 1144 1177 1247 1261; x_wconf 83' lang='lat' dir='ltr'>gratie</span> 
     </span>
    </p>
   </div>
   <div class='ocr_carea' id='block_1_5' title="bbox 90 1269 1247 1428">
    <p class='ocr_par' dir='ltr' id='par_1_5' title="bbox 90 1269 1247 1428">
     <span class='ocr_line' id='line_1_7' title="bbox 106 1269 1246 1343; baseline 0.003 -19"><span class='ocrx_word' id='word_1_41' title='bbox 106 1277 204 1339; x_wconf 81' lang='lat' dir='ltr'>gefendo</span> <span class='ocrx_word' id='word_1_42' title='bbox 261 1293 277 1340; x_wconf 83' lang='lat'><em>7</em></span> <span class='ocrx_word' id='word_1_43' title='bbox 315 1279 351 1326; x_wconf 89' lang='lat' dir='ltr'>vel</span> <span class='ocrx_word' id='word_1_44' title='bbox 361 1269 480 1327; x_wconf 73' lang='lat' dir='ltr'>fremuisse</span> <span class='ocrx_word' id='word_1_45' title='bbox 505 1278 582 1330; x_wconf 80' lang='lat' dir='ltr'>i5inrae</span> <span class='ocrx_word' id='word_1_46' title='bbox 646 1281 697 1343; x_wconf 82' lang='lat' dir='ltr'>gefe</span> <span class='ocrx_word' id='word_1_47' title='bbox 798 1279 925 1326; x_wconf 82' lang='lat' dir='ltr'>heofonlico</span> <span class='ocrx_word' id='word_1_48' title='bbox 956 1278 1052 1342; x_wconf 75' lang='lat' dir='ltr'>geafnnn</span> <span class='ocrx_word' id='word_1_49' title='bbox 1060 1277 1181 1342; x_wconf 63' lang='lat' dir='ltr'>donorugn</span> <span class='ocrx_word' id='word_1_50' title='bbox 1213 1278 1246 1327; x_wconf 62' lang='lat' dir='ltr'>oo</span> 
     </span>
     <span class='ocr_line' id='line_1_8' title="bbox 90 1340 1247 1428; baseline 0.003 -25"><span class='ocrx_word' id='word_1_51' title='bbox 90 1340 231 1404; x_wconf 82' lang='lat' dir='ltr'>donante</span> <span class='ocrx_word' id='word_1_52' title='bbox 253 1349 286 1404; x_wconf 90' lang='lat' dir='ltr'>et</span> <span class='ocrx_word' id='word_1_53' title='bbox 322 1341 473 1406; x_wconf 90' lang='lat' dir='ltr'>benefitio</span> <span class='ocrx_word' id='word_1_54' title='bbox 510 1352 576 1408; x_wconf 88' lang='lat' dir='ltr'>tuae</span> <span class='ocrx_word' id='word_1_55' title='bbox 599 1342 756 1428; x_wconf 81' lang='lat' dir='ltr'>largitatis</span> <span class='ocrx_word' id='word_1_56' title='bbox 794 1342 926 1406; x_wconf 74' lang='lat' dir='ltr'>celestes</span> <span class='ocrx_word' id='word_1_57' title='bbox 1006 1341 1124 1426; x_wconf 83' lang='lat' dir='ltr'>gratias</span> <span class='ocrx_word' id='word_1_58' title='bbox 1189 1342 1247 1406; x_wconf 91' lang='lat' dir='ltr'>tibi</span> 
     </span>
    </p>
   </div>
   <div class='ocr_carea' id='block_1_6' title="bbox 88 1444 590 1596">
    <p class='ocr_par' dir='ltr' id='par_1_6' title="bbox 88 1444 590 1596">
     <span class='ocr_line' id='line_1_9' title="bbox 129 1444 439 1508; baseline 0.006 -17"><span class='ocrx_word' id='word_1_59' title='bbox 129 1445 208 1492; x_wconf 78' lang='lat' dir='ltr'>vndou</span> <span class='ocrx_word' id='word_1_60' title='bbox 282 1461 311 1492; x_wconf 81' lang='lat' dir='ltr'>ve</span> <span class='ocrx_word' id='word_1_61' title='bbox 320 1444 439 1508; x_wconf 63' lang='lat' dir='ltr'>gicomind</span> 
     </span>
     <span class='ocr_line' id='line_1_10' title="bbox 88 1507 590 1596; baseline 0.008 -25"><span class='ocrx_word' id='word_1_62' title='bbox 88 1507 255 1571; x_wconf 85' lang='lat' dir='ltr'>absolvere</span> <span class='ocrx_word' id='word_1_63' title='bbox 270 1529 456 1587; x_wconf 82' lang='lat' dir='ltr'>mereamur,</span> <span class='ocrx_word' id='word_1_64' title='bbox 472 1531 531 1596; x_wconf 92' lang='lat' dir='ltr'>per</span> <span class='ocrx_word' id='word_1_65' title='bbox 547 1510 590 1574; x_wconf 92' lang='grc' dir='ltr'>Ι)’</span> 
     </span>
    </p>
   </div>
   <div class='ocr_carea' id='block_1_7' title="bbox 138 1665 1247 1817">
    <p class='ocr_par' dir='ltr' id='par_1_7' title="bbox 138 1665 1247 1817">
     <span class='ocr_line' id='line_1_11' title="bbox 270 1665 1213 1730; baseline 0.002 -16"><span class='ocrx_word' id='word_1_66' title='bbox 270 1667 329 1730; x_wconf 77' lang='lat' dir='ltr'>gilef</span> <span class='ocrx_word' id='word_1_67' title='bbox 454 1685 483 1718; x_wconf 83' lang='lat' dir='ltr'>ve</span> <span class='ocrx_word' id='word_1_68' title='bbox 493 1670 543 1718; x_wconf 87' lang='lat' dir='ltr'>bid&#39;</span> <span class='ocrx_word' id='word_1_69' title='bbox 687 1669 742 1718; x_wconf 77' lang='lat' dir='ltr'>olm&#39;</span> <span class='ocrx_word' id='word_1_70' title='bbox 854 1668 899 1730; x_wconf 81' lang='lat' dir='ltr'>god</span> <span class='ocrx_word' id='word_1_71' title='bbox 948 1665 1008 1715; x_wconf 65' lang='lat' dir='ltr'>{terh</span> <span class='ocrx_word' id='word_1_72' title='bbox 1070 1667 1213 1730; x_wconf 80' lang='lat' dir='ltr'>uetrogdnise</span> 
     </span>
     <span class='ocr_line' id='line_1_12' title="bbox 138 1727 1247 1817; baseline 0.001 -25"><span class='ocrx_word' id='word_1_73' title='bbox 138 1727 200 1812; x_wconf 73' lang='lat'><strong>(2.)</strong></span> <span class='ocrx_word' id='word_1_74' title='bbox 225 1729 383 1807; x_wconf 85' lang='lat' dir='ltr'>Concede,</span> <span class='ocrx_word' id='word_1_75' title='bbox 408 1754 591 1817; x_wconf 84' lang='lat' dir='ltr'>quesumus,</span> <span class='ocrx_word' id='word_1_76' title='bbox 612 1733 811 1817; x_wconf 85' lang='lat' dir='ltr'>omnipotens</span> <span class='ocrx_word' id='word_1_77' title='bbox 826 1731 927 1806; x_wconf 89' lang='lat' dir='ltr'>Deus,</span> <span class='ocrx_word' id='word_1_78' title='bbox 946 1751 1004 1816; x_wconf 92' lang='lat' dir='ltr'>per</span> <span class='ocrx_word' id='word_1_79' title='bbox 1018 1731 1247 1816; x_wconf 81' lang='lat' dir='ltr'>aesparsionem</span> 
     </span>
    </p>
   </div>
   <div class='ocr_carea' id='block_1_8' title="bbox 85 1829 1244 1982">
    <p class='ocr_par' dir='ltr' id='par_1_8' title="bbox 85 1829 1244 1982">
     <span class='ocr_line' id='line_1_13' title="bbox 86 1829 1234 1900; baseline 0.002 -22"><span class='ocrx_word' id='word_1_80' title='bbox 86 1829 165 1879; x_wconf 63' lang='lat' dir='ltr'>disses</span> <span class='ocrx_word' id='word_1_81' title='bbox 208 1840 291 1881; x_wconf 76' lang='lat' dir='ltr'>raetree</span> <span class='ocrx_word' id='word_1_82' title='bbox 322 1834 490 1896; x_wconf 77' lang='lat' dir='ltr'>gibloedmdest</span> <span class='ocrx_word' id='word_1_83' title='bbox 517 1852 535 1900; x_wconf 92' lang='lat'><em>7</em></span> <span class='ocrx_word' id='word_1_84' title='bbox 576 1836 645 1884; x_wconf 77' lang='lat' dir='ltr'>suites</span> <span class='ocrx_word' id='word_1_85' title='bbox 677 1851 708 1883; x_wconf 88' lang='lat' dir='ltr'>on</span> <span class='ocrx_word' id='word_1_86' title='bbox 727 1834 785 1882; x_wconf 66' lang='lat' dir='ltr'>oin?</span> <span class='ocrx_word' id='word_1_87' title='bbox 844 1849 912 1881; x_wconf 88' lang='lat' dir='ltr'>nome</span> <span class='ocrx_word' id='word_1_88' title='bbox 997 1833 1125 1896; x_wconf 78' lang='lat' dir='ltr'>gImeroodo</span> <span class='ocrx_word' id='word_1_89' title='bbox 1189 1832 1234 1881; x_wconf 63' lang='lat' dir='ltr'>das</span> 
     </span>
     <span class='ocr_line' id='line_1_14' title="bbox 85 1894 1244 1982; baseline 0.003 -25"><span class='ocrx_word' id='word_1_90' title='bbox 85 1894 186 1978; x_wconf 89' lang='lat' dir='ltr'>hujus</span> <span class='ocrx_word' id='word_1_91' title='bbox 208 1917 301 1982; x_wconf 85' lang='lat' dir='ltr'>aquae</span> <span class='ocrx_word' id='word_1_92' title='bbox 327 1897 486 1964; x_wconf 92' lang='lat' dir='ltr'>benedicti</span> <span class='ocrx_word' id='word_1_93' title='bbox 512 1910 545 1965; x_wconf 91' lang='lat' dir='ltr'>et</span> <span class='ocrx_word' id='word_1_94' title='bbox 574 1899 649 1964; x_wconf 84' lang='lat' dir='ltr'>selis</span> <span class='ocrx_word' id='word_1_95' title='bbox 677 1899 787 1962; x_wconf 90' lang='lat' dir='ltr'>intuo</span> <span class='ocrx_word' id='word_1_96' title='bbox 816 1896 944 1960; x_wconf 89' lang='lat' dir='ltr'>nomine</span> <span class='ocrx_word' id='word_1_97' title='bbox 966 1895 1166 1980; x_wconf 82' lang='lat' dir='ltr'>significatos,</span> <span class='ocrx_word' id='word_1_98' title='bbox 1187 1895 1244 1960; x_wconf 85' lang='lat' dir='ltr'>hae</span> 
     </span>
    </p>
   </div>
   <div class='ocr_carea' id='block_1_9' title="bbox 85 1998 1246 2152">
    <p class='ocr_par' dir='ltr' id='par_1_9' title="bbox 85 1998 1246 2152">
     <span class='ocr_line' id='line_1_15' title="bbox 85 1998 1246 2066; baseline 0.003 -21"><span class='ocrx_word' id='word_1_99' title='bbox 85 1998 254 2062; x_wconf 76' lang='lat' dir='ltr'>nettoirapes</span> <span class='ocrx_word' id='word_1_100' title='bbox 296 2000 413 2050; x_wconf 70' lang='lat' dir='ltr'>monuisti</span> <span class='ocrx_word' id='word_1_101' title='bbox 453 2003 542 2066; x_wconf 79' lang='lat' dir='ltr'>giprnv</span> <span class='ocrx_word' id='word_1_102' title='bbox 569 2001 723 2066; x_wconf 80' lang='lat' dir='ltr'>giscroepo(?)</span> <span class='ocrx_word' id='word_1_103' title='bbox 749 2002 879 2050; x_wconf 83' lang='lat' dir='ltr'>vildedearo</span> <span class='ocrx_word' id='word_1_104' title='bbox 922 2007 947 2047; x_wconf 91' lang='lat' dir='ltr'>to</span> <span class='ocrx_word' id='word_1_105' title='bbox 1012 1999 1124 2047; x_wconf 80' lang='lat' dir='ltr'>onfounne</span> <span class='ocrx_word' id='word_1_106' title='bbox 1179 2015 1246 2048; x_wconf 80' lang='lat' dir='ltr'>rossa</span> 
     </span>
     <span class='ocr_line' id='line_1_16' title="bbox 134 2061 1244 2152; baseline 0.001 -27"><span class='ocrx_word' id='word_1_107' title='bbox 134 2071 220 2126; x_wconf 85' lang='lat' dir='ltr'>retes</span> <span class='ocrx_word' id='word_1_108' title='bbox 285 2063 423 2128; x_wconf 86' lang='lat' dir='ltr'>humano</span> <span class='ocrx_word' id='word_1_109' title='bbox 446 2065 542 2130; x_wconf 88' lang='lat' dir='ltr'>hnsui</span> <span class='ocrx_word' id='word_1_110' title='bbox 601 2075 691 2152; x_wconf 85' lang='lat' dir='ltr'>aptas</span> <span class='ocrx_word' id='word_1_111' title='bbox 757 2063 874 2128; x_wconf 82' lang='lat' dir='ltr'>bestiae</span> <span class='ocrx_word' id='word_1_112' title='bbox 919 2062 959 2128; x_wconf 88' lang='lat' dir='ltr'>ad</span> <span class='ocrx_word' id='word_1_113' title='bbox 985 2062 1154 2148; x_wconf 82' lang='lat' dir='ltr'>capiendas</span> <span class='ocrx_word' id='word_1_114' title='bbox 1176 2061 1244 2126; x_wconf 88' lang='lat' dir='ltr'>fieri</span> 
     </span>
    </p>
   </div>
   <div class='ocr_carea' id='block_1_10' title="bbox 84 2163 1246 2318">
    <p class='ocr_par' dir='ltr' id='par_1_10' title="bbox 84 2163 1246 2318">
     <span class='ocr_line' id='line_1_17' title="bbox 100 2163 1229 2231; baseline 0.001 -19"><span class='ocrx_word' id='word_1_115' title='bbox 100 2163 191 2212; x_wconf 63' lang='lat' dir='ltr'>hatdv</span> <span class='ocrx_word' id='word_1_116' title='bbox 232 2168 277 2227; x_wconf 64' lang='lat' dir='ltr'>pte</span> <span class='ocrx_word' id='word_1_117' title='bbox 325 2167 356 2214; x_wconf 83' lang='lat' dir='ltr'>all</span> <span class='ocrx_word' id='word_1_118' title='bbox 449 2171 469 2229; x_wconf 56' lang='grc' dir='ltr'><em>ᾧ</em></span> <span class='ocrx_word' id='word_1_119' title='bbox 522 2169 582 2218; x_wconf 74' lang='lat' dir='ltr'>iterh</span> <span class='ocrx_word' id='word_1_120' title='bbox 622 2168 680 2216; x_wconf 65' lang='lat' dir='ltr'>nin?</span> <span class='ocrx_word' id='word_1_121' title='bbox 764 2167 815 2231; x_wconf 80' lang='lat' dir='ltr'>gefe</span> <span class='ocrx_word' id='word_1_122' title='bbox 928 2165 996 2214; x_wconf 79' lang='lat' dir='ltr'>onfoe</span> <span class='ocrx_word' id='word_1_123' title='bbox 1093 2165 1229 2227; x_wconf 79' lang='lat' dir='ltr'>vegieurnia</span> 
     </span>
     <span class='ocr_line' id='line_1_18' title="bbox 84 2228 1246 2318; baseline 0 -27"><span class='ocrx_word' id='word_1_124' title='bbox 84 2228 211 2311; x_wconf 86' lang='lat' dir='ltr'>jubeas,</span> <span class='ocrx_word' id='word_1_125' title='bbox 235 2238 272 2304; x_wconf 87' lang='lat' dir='ltr'>ut</span> <span class='ocrx_word' id='word_1_126' title='bbox 297 2251 390 2294; x_wconf 89' lang='lat' dir='ltr'>omne</span> <span class='ocrx_word' id='word_1_127' title='bbox 413 2233 497 2316; x_wconf 92' lang='lat' dir='ltr'>quod</span> <span class='ocrx_word' id='word_1_128' title='bbox 525 2255 583 2318; x_wconf 84' lang='lat' dir='ltr'>per</span> <span class='ocrx_word' id='word_1_129' title='bbox 604 2241 691 2296; x_wconf 83' lang='lat' dir='ltr'>tuam</span> <span class='ocrx_word' id='word_1_130' title='bbox 721 2230 854 2316; x_wconf 80' lang='lat' dir='ltr'>gretiam</span> <span class='ocrx_word' id='word_1_131' title='bbox 884 2228 1047 2314; x_wconf 88' lang='lat' dir='ltr'>percipere</span> <span class='ocrx_word' id='word_1_132' title='bbox 1068 2249 1246 2292; x_wconf 86' lang='lat' dir='ltr'>mereamur</span> 
     </span>
    </p>
   </div>
   <div class='ocr_carea' id='block_1_11' title="bbox 89 2329 1207 2480">
    <p class='ocr_par' dir='ltr' id='par_1_11' title="bbox 89 2329 1207 2480">
     <span class='ocr_line' id='line_1_19' title="bbox 101 2329 929 2396; baseline 0.004 -19"><span class='ocrx_word' id='word_1_133' title='bbox 101 2329 135 2378; x_wconf 73' lang='lat' dir='ltr'>ne</span> <span class='ocrx_word' id='word_1_134' title='bbox 176 2339 201 2379; x_wconf 89' lang='lat' dir='ltr'>to</span> <span class='ocrx_word' id='word_1_135' title='bbox 228 2331 343 2384; x_wconf 84' lang='lat' dir='ltr'>herenisse</span> <span class='ocrx_word' id='word_1_136' title='bbox 371 2335 397 2384; x_wconf 90' lang='lat' dir='ltr'>in</span> <span class='ocrx_word' id='word_1_137' title='bbox 428 2337 584 2396; x_wconf 68' lang='lat' dir='ltr'>.,....lier</span> <span class='ocrx_word' id='word_1_138' title='bbox 681 2342 729 2383; x_wconf 82' lang='lat' dir='ltr'>este</span> <span class='ocrx_word' id='word_1_139' title='bbox 770 2333 929 2394; x_wconf 80' lang='lat' dir='ltr'>reeftbrengn</span> 
     </span>
     <span class='ocr_line' id='line_1_20' title="bbox 89 2393 1207 2480; baseline 0 -24"><span class='ocrx_word' id='word_1_140' title='bbox 89 2393 151 2457; x_wconf 91' lang='lat' dir='ltr'>tibi</span> <span class='ocrx_word' id='word_1_141' title='bbox 166 2395 204 2458; x_wconf 85' lang='lat' dir='ltr'>ad</span> <span class='ocrx_word' id='word_1_142' title='bbox 221 2394 346 2462; x_wconf 89' lang='lat' dir='ltr'>laudem</span> <span class='ocrx_word' id='word_1_143' title='bbox 368 2399 401 2464; x_wconf 92' lang='lat' dir='ltr'>in</span> <span class='ocrx_word' id='word_1_144' title='bbox 439 2399 496 2463; x_wconf 93' lang='lat' dir='ltr'>tim</span> <span class='ocrx_word' id='word_1_145' title='bbox 512 2445 641 2464; x_wconf 91' lang='grc'><strong>......</strong></span> <span class='ocrx_word' id='word_1_146' title='bbox 659 2398 745 2462; x_wconf 93' lang='lat' dir='ltr'>tione</span> <span class='ocrx_word' id='word_1_147' title='bbox 759 2397 941 2472; x_wconf 82' lang='lat' dir='ltr'>referemus,</span> <span class='ocrx_word' id='word_1_148' title='bbox 959 2416 1017 2480; x_wconf 89' lang='lat' dir='ltr'>per</span> <span class='ocrx_word' id='word_1_149' title='bbox 1032 2393 1207 2458; x_wconf 93' lang='lat' dir='ltr'>Dominum</span> 
     </span>
    </p>
   </div>
   <div class='ocr_carea' id='block_1_12' title="bbox 257 2615 1076 2702">
    <p class='ocr_par' dir='ltr' id='par_1_12' title="bbox 257 2615 1076 2702">
     <span class='ocr_line' id='line_1_21' title="bbox 257 2615 1076 2702; baseline -0.006 -9"><span class='ocrx_word' id='word_1_150' title='bbox 257 2649 459 2698; x_wconf 74' lang='lat' dir='ltr'>Bnmnmcrro</span> <span class='ocrx_word' id='word_1_151' title='bbox 482 2650 581 2702; x_wconf 79' lang='lat' dir='ltr'><strong>AQUAE</strong></span> <span class='ocrx_word' id='word_1_152' title='bbox 603 2649 647 2692; x_wconf 87' lang='lat' dir='ltr'>AD</span> <span class='ocrx_word' id='word_1_153' title='bbox 670 2615 891 2692; x_wconf 70' lang='lat' dir='ltr'>VENdTIONEM</span> <span class='ocrx_word' id='word_1_154' title='bbox 913 2645 955 2688; x_wconf 85' lang='lat' dir='ltr'>ET</span> <span class='ocrx_word' id='word_1_155' title='bbox 978 2643 1076 2688; x_wconf 70' lang='lat' dir='ltr'>suus.</span> 
     </span>
    </p>
   </div>
   <div class='ocr_carea' id='block_1_13' title="bbox 137 2805 1245 2958">
    <p class='ocr_par' dir='ltr' id='par_1_13' title="bbox 137 2805 1245 2958">
     <span class='ocr_line' id='line_1_22' title="bbox 243 2805 1242 2890; baseline -0.004 -18"><span class='ocrx_word' id='word_1_156' title='bbox 243 2810 289 2872; x_wconf 78' lang='lat' dir='ltr'>uod</span> <span class='ocrx_word' id='word_1_157' title='bbox 395 2809 459 2886; x_wconf 67' lang='lat' dir='ltr'>aur</span> <span class='ocrx_word' id='word_1_158' title='bbox 571 2808 698 2871; x_wconf 72' lang='lat' dir='ltr'>und</span> <span class='ocrx_word' id='word_1_159' title='bbox 795 2808 834 2856; x_wconf 70' lang='lat' dir='ltr'>ab&#39;</span> <span class='ocrx_word' id='word_1_160' title='bbox 934 2805 1045 2869; x_wconf 72' lang='lat' dir='ltr'>ueod</span> <span class='ocrx_word' id='word_1_161' title='bbox 1129 2805 1242 2890; x_wconf 61' lang='lat'>{⁸27</span> 
     </span>
     <span class='ocr_line' id='line_1_23' title="bbox 137 2869 1245 2958; baseline -0.003 -21"><span class='ocrx_word' id='word_1_162' title='bbox 137 2873 148 2956; x_wconf 88' lang='lat'><strong>(</strong></span> <span class='ocrx_word' id='word_1_163' title='bbox 155 2871 197 2954; x_wconf 84' lang='lat'>1.)</span> <span class='ocrx_word' id='word_1_164' title='bbox 222 2872 314 2937; x_wconf 88' lang='lat' dir='ltr'>Deus</span> <span class='ocrx_word' id='word_1_165' title='bbox 337 2881 537 2958; x_wconf 90' lang='lat' dir='ltr'>ommpotens</span> <span class='ocrx_word' id='word_1_166' title='bbox 563 2882 596 2936; x_wconf 88' lang='lat' dir='ltr'>et</span> <span class='ocrx_word' id='word_1_167' title='bbox 623 2871 714 2936; x_wconf 89' lang='lat' dir='ltr'>Deus</span> <span class='ocrx_word' id='word_1_168' title='bbox 735 2870 897 2934; x_wconf 84' lang='lat' dir='ltr'>Abraham</span> <span class='ocrx_word' id='word_1_169' title='bbox 923 2879 956 2934; x_wconf 90' lang='lat' dir='ltr'>et</span> <span class='ocrx_word' id='word_1_170' title='bbox 977 2869 1068 2932; x_wconf 91' lang='lat' dir='ltr'>Deus</span> <span class='ocrx_word' id='word_1_171' title='bbox 1096 2871 1189 2933; x_wconf 81' lang='lat' dir='ltr'>Isaeo</span> <span class='ocrx_word' id='word_1_172' title='bbox 1210 2880 1245 2934; x_wconf 90' lang='lat' dir='ltr'>et</span> 
     </span>
    </p>
   </div>
   <div class='ocr_carea' id='block_1_14' title="bbox 88 2972 1244 3130">
    <p class='ocr_par' dir='ltr' id='par_1_14' title="bbox 88 2972 1244 3130">
     <span class='ocr_line' id='line_1_24' title="bbox 103 2972 1244 3037; baseline -0.003 -15"><span class='ocrx_word' id='word_1_173' title='bbox 103 2975 152 3036; x_wconf 84' lang='lat' dir='ltr'>god</span> <span class='ocrx_word' id='word_1_174' title='bbox 249 2976 280 3024; x_wconf 82' lang='lat' dir='ltr'>ia&#39;</span> <span class='ocrx_word' id='word_1_175' title='bbox 364 2977 420 3024; x_wconf 88' lang='lat' dir='ltr'>send</span> <span class='ocrx_word' id='word_1_176' title='bbox 479 2991 510 3023; x_wconf 89' lang='lat' dir='ltr'>on</span> <span class='ocrx_word' id='word_1_177' title='bbox 567 2974 612 3022; x_wconf 65' lang='lat' dir='ltr'>des</span> <span class='ocrx_word' id='word_1_178' title='bbox 692 2974 794 3037; x_wconf 80' lang='lat' dir='ltr'>giecaefte</span> <span class='ocrx_word' id='word_1_179' title='bbox 882 2972 941 3020; x_wconf 63' lang='lat' dir='ltr'>tint</span> <span class='ocrx_word' id='word_1_180' title='bbox 990 2973 1059 3020; x_wconf 81' lang='lat' dir='ltr'>saltos</span> <span class='ocrx_word' id='word_1_181' title='bbox 1100 2987 1116 3034; x_wconf 99' lang='lat'><em>7</em></span> <span class='ocrx_word' id='word_1_182' title='bbox 1161 2979 1244 3020; x_wconf 80' lang='lat' dir='ltr'>vaetres</span> 
     </span>
     <span class='ocr_line' id='line_1_25' title="bbox 88 3034 1244 3130; baseline -0.003 -29"><span class='ocrx_word' id='word_1_183' title='bbox 88 3037 184 3102; x_wconf 89' lang='lat' dir='ltr'>Deus</span> <span class='ocrx_word' id='word_1_184' title='bbox 212 3037 320 3115; x_wconf 85' lang='lat' dir='ltr'>Jacob,</span> <span class='ocrx_word' id='word_1_185' title='bbox 351 3039 442 3102; x_wconf 91' lang='lat' dir='ltr'>mitte</span> <span class='ocrx_word' id='word_1_186' title='bbox 480 3038 514 3102; x_wconf 92' lang='lat' dir='ltr'>in</span> <span class='ocrx_word' id='word_1_187' title='bbox 547 3037 630 3102; x_wconf 84' lang='lat' dir='ltr'>hanc</span> <span class='ocrx_word' id='word_1_188' title='bbox 661 3047 837 3102; x_wconf 84' lang='lat' dir='ltr'>creaturam</span> <span class='ocrx_word' id='word_1_189' title='bbox 867 3045 956 3100; x_wconf 88' lang='lat' dir='ltr'>tuam</span> <span class='ocrx_word' id='word_1_190' title='bbox 985 3034 1059 3098; x_wconf 85' lang='lat' dir='ltr'>salis</span> <span class='ocrx_word' id='word_1_191' title='bbox 1088 3045 1121 3130; x_wconf 74' lang='lat' dir='ltr'>et</span> <span class='ocrx_word' id='word_1_192' title='bbox 1150 3055 1244 3118; x_wconf 82' lang='lat' dir='ltr'>aquae</span> 
     </span>
    </p>
   </div>
   <div class='ocr_carea' id='block_1_15' title="bbox 86 3137 1245 3288">
    <p class='ocr_par' dir='ltr' id='par_1_15' title="bbox 86 3137 1245 3288">
     <span class='ocr_line' id='line_1_26' title="bbox 163 3137 1245 3205; baseline -0.006 -16"><span class='ocrx_word' id='word_1_193' title='bbox 163 3141 284 3204; x_wconf 80' lang='lat' dir='ltr'>bloetsrng</span> <span class='ocrx_word' id='word_1_194' title='bbox 325 3177 331 3188; x_wconf 90' lang='lat'>.</span> <span class='ocrx_word' id='word_1_195' title='bbox 380 3141 434 3205; x_wconf 60' lang='lat' dir='ltr'>‚nin&#39;</span> <span class='ocrx_word' id='word_1_196' title='bbox 476 3149 501 3189; x_wconf 87' lang='lat' dir='ltr'>to</span> <span class='ocrx_word' id='word_1_197' title='bbox 567 3141 679 3188; x_wconf 81' lang='lat' dir='ltr'>onsounne</span> <span class='ocrx_word' id='word_1_198' title='bbox 749 3139 805 3186; x_wconf 81' lang='lat' dir='ltr'>hrao</span> <span class='ocrx_word' id='word_1_199' title='bbox 871 3154 888 3202; x_wconf 92' lang='lat'><em>7</em></span> <span class='ocrx_word' id='word_1_200' title='bbox 927 3138 1018 3185; x_wconf 68' lang='lat' dir='ltr'>heertos</span> <span class='ocrx_word' id='word_1_201' title='bbox 1067 3137 1200 3198; x_wconf 77' lang='lat' dir='ltr'>nedmaegn</span> <span class='ocrx_word' id='word_1_202' title='bbox 1211 3152 1245 3184; x_wconf 86' lang='lat' dir='ltr'>aec</span> 
     </span>
     <span class='ocr_line' id='line_1_27' title="bbox 86 3198 1214 3288; baseline -0.004 -22"><span class='ocrx_word' id='word_1_203' title='bbox 86 3203 343 3270; x_wconf 84' lang='lat' dir='ltr'>benedictionem</span> <span class='ocrx_word' id='word_1_204' title='bbox 358 3213 447 3268; x_wconf 81' lang='lat' dir='ltr'>tunm</span> <span class='ocrx_word' id='word_1_205' title='bbox 466 3204 507 3268; x_wconf 84' lang='lat' dir='ltr'>ed</span> <span class='ocrx_word' id='word_1_206' title='bbox 529 3203 698 3288; x_wconf 81' lang='lat' dir='ltr'>capiendas</span> <span class='ocrx_word' id='word_1_207' title='bbox 723 3223 834 3286; x_wconf 82' lang='lat' dir='ltr'>cepres</span> <span class='ocrx_word' id='word_1_208' title='bbox 860 3211 894 3266; x_wconf 88' lang='lat' dir='ltr'>et</span> <span class='ocrx_word' id='word_1_209' title='bbox 916 3222 1034 3277; x_wconf 87' lang='lat' dir='ltr'>cervos,</span> <span class='ocrx_word' id='word_1_210' title='bbox 1086 3198 1214 3284; x_wconf 89' lang='lat' dir='ltr'>vimque</span> 
     </span>
    </p>
   </div>
   <div class='ocr_carea' id='block_1_16' title="bbox 87 3302 1243 3620">
    <p class='ocr_par' dir='ltr' id='par_1_16' title="bbox 87 3302 1243 3620">
     <span class='ocr_line' id='line_1_28' title="bbox 87 3302 1233 3370; baseline -0.004 -17"><span class='ocrx_word' id='word_1_211' title='bbox 87 3314 180 3356; x_wconf 85' lang='lat' dir='ltr'>stences</span> <span class='ocrx_word' id='word_1_212' title='bbox 206 3306 276 3356; x_wconf 64' lang='lat' dir='ltr'>dines</span> <span class='ocrx_word' id='word_1_213' title='bbox 308 3307 320 3353; x_wconf 75' lang='lat' dir='ltr'>i</span> <span class='ocrx_word' id='word_1_214' title='bbox 384 3323 460 3370; x_wconf 79' lang='lat' dir='ltr'>maegn</span> <span class='ocrx_word' id='word_1_215' title='bbox 535 3306 643 3356; x_wconf 82' lang='lat' dir='ltr'>hiefocle</span> <span class='ocrx_word' id='word_1_216' title='bbox 675 3307 720 3366; x_wconf 64' lang='lat' dir='ltr'>&#39;fite</span> <span class='ocrx_word' id='word_1_217' title='bbox 752 3305 786 3352; x_wconf 81' lang='lat' dir='ltr'>sie</span> <span class='ocrx_word' id='word_1_218' title='bbox 824 3307 893 3352; x_wconf 68' lang='lat' dir='ltr'>oesn?</span> <span class='ocrx_word' id='word_1_219' title='bbox 941 3302 999 3351; x_wconf 62' lang='lat' dir='ltr'>tin?</span> <span class='ocrx_word' id='word_1_220' title='bbox 1063 3302 1180 3363; x_wconf 82' lang='lat' dir='ltr'>faestnvng</span> <span class='ocrx_word' id='word_1_221' title='bbox 1231 3313 1233 3318; x_wconf 88' lang='lat'>·</span> 
     </span>
     <span class='ocr_line' id='line_1_29' title="bbox 90 3365 1242 3446; baseline -0.004 -15"><span class='ocrx_word' id='word_1_222' title='bbox 90 3369 198 3433; x_wconf 89' lang='lat' dir='ltr'>odoris</span> <span class='ocrx_word' id='word_1_223' title='bbox 220 3370 268 3434; x_wconf 93' lang='lat' dir='ltr'>tui</span> <span class='ocrx_word' id='word_1_224' title='bbox 290 3369 341 3434; x_wconf 89' lang='lat' dir='ltr'>vel</span> <span class='ocrx_word' id='word_1_225' title='bbox 355 3369 504 3434; x_wconf 86' lang='lat' dir='ltr'>virtutem</span> <span class='ocrx_word' id='word_1_226' title='bbox 519 3369 666 3446; x_wconf 85' lang='lat' dir='ltr'>sentient,</span> <span class='ocrx_word' id='word_1_227' title='bbox 683 3377 720 3432; x_wconf 92' lang='lat' dir='ltr'>ut</span> <span class='ocrx_word' id='word_1_228' title='bbox 733 3367 799 3431; x_wconf 89' lang='lat' dir='ltr'>sint</span> <span class='ocrx_word' id='word_1_229' title='bbox 813 3368 911 3432; x_wconf 87' lang='lat' dir='ltr'>servis</span> <span class='ocrx_word' id='word_1_230' title='bbox 932 3366 996 3431; x_wconf 89' lang='lat' dir='ltr'>tuis</span> <span class='ocrx_word' id='word_1_231' title='bbox 1010 3365 1242 3428; x_wconf 88' lang='lat' dir='ltr'>munimentum</span> 
     </span>
     <span class='ocr_line' id='line_1_30' title="bbox 89 3461 1221 3536; baseline -0.005 -18"><span class='ocrx_word' id='word_1_232' title='bbox 89 3471 244 3520; x_wconf 78' lang='lat' dir='ltr'>scildrriseoec</span> <span class='ocrx_word' id='word_1_233' title='bbox 321 3473 476 3536; x_wconf 77' lang='lat' dir='ltr'>giscildnisses</span> <span class='ocrx_word' id='word_1_234' title='bbox 529 3471 648 3536; x_wconf 76' lang='lat' dir='ltr'>7itylaes</span> <span class='ocrx_word' id='word_1_235' title='bbox 675 3471 742 3534; x_wconf 75' lang='lat' dir='ltr'>ingre</span> <span class='ocrx_word' id='word_1_236' title='bbox 791 3461 888 3519; x_wconf 70' lang='lat' dir='ltr'>sefiond</span> <span class='ocrx_word' id='word_1_237' title='bbox 926 3471 952 3518; x_wconf 88' lang='lat' dir='ltr'>in</span> <span class='ocrx_word' id='word_1_238' title='bbox 1007 3468 1083 3517; x_wconf 77' lang='lat' dir='ltr'>cavelo</span> <span class='ocrx_word' id='word_1_239' title='bbox 1155 3465 1221 3513; x_wconf 82' lang='lat' dir='ltr'>hiom</span> 
     </span>
     <span class='ocr_line' id='line_1_31' title="bbox 87 3532 1243 3620; baseline -0.006 -22"><span class='ocrx_word' id='word_1_240' title='bbox 87 3534 256 3620; x_wconf 84' lang='lat' dir='ltr'>tutelaque</span> <span class='ocrx_word' id='word_1_241' title='bbox 292 3535 484 3600; x_wconf 85' lang='lat' dir='ltr'>defensionis</span> <span class='ocrx_word' id='word_1_242' title='bbox 521 3545 555 3600; x_wconf 90' lang='lat' dir='ltr'>et</span> <span class='ocrx_word' id='word_1_243' title='bbox 592 3557 633 3599; x_wconf 91' lang='lat' dir='ltr'>ne</span> <span class='ocrx_word' id='word_1_244' title='bbox 663 3534 762 3599; x_wconf 86' lang='lat' dir='ltr'>intret</span> <span class='ocrx_word' id='word_1_245' title='bbox 789 3533 890 3598; x_wconf 90' lang='lat' dir='ltr'>hostis</span> <span class='ocrx_word' id='word_1_246' title='bbox 918 3534 952 3598; x_wconf 92' lang='lat' dir='ltr'>in</span> <span class='ocrx_word' id='word_1_247' title='bbox 985 3532 1105 3598; x_wconf 81' lang='lat' dir='ltr'>animas</span> <span class='ocrx_word' id='word_1_248' title='bbox 1123 3549 1243 3604; x_wconf 88' lang='lat' dir='ltr'>eorum,</span> 
     </span>
    </p>
   </div>
   <div class='ocr_carea' id='block_1_17' title="bbox 88 3635 840 3786">
    <p class='ocr_par' dir='ltr' id='par_1_17' title="bbox 88 3635 840 3786">
     <span class='ocr_line' id='line_1_32' title="bbox 89 3635 752 3714; baseline 0.002 -30"><span class='ocrx_word' id='word_1_249' title='bbox 89 3653 108 3700; x_wconf 96' lang='lat'><em>7</em></span> <span class='ocrx_word' id='word_1_250' title='bbox 149 3635 302 3712; x_wconf 35' lang='lat' dir='ltr'>inigeong7</span> <span class='ocrx_word' id='word_1_251' title='bbox 346 3637 412 3686; x_wconf 64' lang='lat' dir='ltr'>sedet</span> <span class='ocrx_word' id='word_1_252' title='bbox 460 3639 537 3688; x_wconf 80' lang='lat' dir='ltr'>hubbo</span> <span class='ocrx_word' id='word_1_253' title='bbox 589 3655 620 3687; x_wconf 86' lang='lat' dir='ltr'>ne</span> <span class='ocrx_word' id='word_1_254' title='bbox 684 3639 752 3714; x_wconf 72' lang='lat' dir='ltr'>maegi</span> 
     </span>
     <span class='ocr_line' id='line_1_33' title="bbox 88 3699 840 3786; baseline 0 -22"><span class='ocrx_word' id='word_1_255' title='bbox 88 3709 124 3764; x_wconf 90' lang='lat' dir='ltr'>et</span> <span class='ocrx_word' id='word_1_256' title='bbox 138 3699 260 3764; x_wconf 81' lang='lat' dir='ltr'>adltum</span> <span class='ocrx_word' id='word_1_257' title='bbox 275 3712 309 3766; x_wconf 87' lang='lat' dir='ltr'>et</span> <span class='ocrx_word' id='word_1_258' title='bbox 323 3701 430 3766; x_wconf 91' lang='lat' dir='ltr'>sedem</span> <span class='ocrx_word' id='word_1_259' title='bbox 446 3701 562 3767; x_wconf 83' lang='lat' dir='ltr'>hebere</span> <span class='ocrx_word' id='word_1_260' title='bbox 577 3723 641 3765; x_wconf 92' lang='lat' dir='ltr'>non</span> <span class='ocrx_word' id='word_1_261' title='bbox 656 3710 766 3786; x_wconf 88' lang='lat' dir='ltr'>possrt,</span> <span class='ocrx_word' id='word_1_262' title='bbox 782 3723 840 3785; x_wconf 90' lang='lat' dir='ltr'>per</span> 
     </span>
    </p>
   </div>
   <div class='ocr_carea' id='block_1_18' title="bbox 171 3923 1164 3997">
    <p class='ocr_par' dir='ltr' id='par_1_18' title="bbox 171 3923 1164 3997">
     <span class='ocr_line' id='line_1_34' title="bbox 171 3923 1164 3997; baseline -0.017 -1"><span class='ocrx_word' id='word_1_263' title='bbox 171 3953 251 3996; x_wconf 68' lang='lat' dir='ltr'>seur</span> <span class='ocrx_word' id='word_1_264' title='bbox 274 3949 474 3997; x_wconf 74' lang='lat' dir='ltr'>umouucon</span> <span class='ocrx_word' id='word_1_265' title='bbox 496 3948 539 3989; x_wconf 86' lang='lat' dir='ltr'>ro</span> <span class='ocrx_word' id='word_1_266' title='bbox 562 3945 678 3989; x_wconf 74' lang='lat' dir='ltr'>nonum</span> <span class='ocrx_word' id='word_1_267' title='bbox 693 3924 708 3987; x_wconf 78' lang='lat' dir='ltr'>i</span> <span class='ocrx_word' id='word_1_268' title='bbox 722 3945 765 3986; x_wconf 82' lang='lat' dir='ltr'>ro</span> <span class='ocrx_word' id='word_1_269' title='bbox 787 3944 946 3987; x_wconf 68' lang='lat' dir='ltr'>eneruem</span> <span class='ocrx_word' id='word_1_270' title='bbox 962 3923 977 3986; x_wconf 76' lang='lat' dir='ltr'>i</span> <span class='ocrx_word' id='word_1_271' title='bbox 992 3943 1029 3985; x_wconf 83' lang='lat' dir='ltr'>m</span> <span class='ocrx_word' id='word_1_272' title='bbox 1046 3938 1164 3984; x_wconf 81' lang='lat' dir='ltr'>uvsvm.</span> 
     </span>
    </p>
   </div>
   <div class='ocr_carea' id='block_1_19' title="bbox 135 4083 1252 4259">
    <p class='ocr_par' dir='ltr' id='par_1_19' title="bbox 135 4083 1252 4259">
     <span class='ocr_line' id='line_1_35' title="bbox 253 4083 1252 4173; baseline -0.014 -14"><span class='ocrx_word' id='word_1_273' title='bbox 253 4112 275 4159; x_wconf 93' lang='lat' dir='ltr'>ic</span> <span class='ocrx_word' id='word_1_274' title='bbox 285 4110 373 4172; x_wconf 75' lang='lat' dir='ltr'>halsigu</span> <span class='ocrx_word' id='word_1_275' title='bbox 412 4106 456 4154; x_wconf 64' lang='lat' dir='ltr'>dcc</span> <span class='ocrx_word' id='word_1_276' title='bbox 512 4103 601 4167; x_wconf 80' lang='lat' dir='ltr'>gisoaeft</span> <span class='ocrx_word' id='word_1_277' title='bbox 656 4101 724 4148; x_wconf 73' lang='lat' dir='ltr'>salter</span> <span class='ocrx_word' id='word_1_278' title='bbox 764 4115 794 4145; x_wconf 91' lang='lat' dir='ltr'>on</span> <span class='ocrx_word' id='word_1_279' title='bbox 853 4115 921 4147; x_wconf 83' lang='lat' dir='ltr'>nomo</span> <span class='ocrx_word' id='word_1_280' title='bbox 984 4100 1074 4148; x_wconf 76' lang='lat' dir='ltr'>sederes</span> <span class='ocrx_word' id='word_1_281' title='bbox 1113 4117 1129 4165; x_wconf 97' lang='grc' dir='ltr'>Ἰ</span> <span class='ocrx_word' id='word_1_282' title='bbox 1175 4083 1252 4173; x_wconf 40' lang='lat' dir='ltr'>”nii</span> 
     </span>
     <span class='ocr_line' id='line_1_36' title="bbox 135 4161 1242 4259; baseline -0.015 -21"><span class='ocrx_word' id='word_1_283' title='bbox 135 4174 196 4259; x_wconf 84' lang='lat' dir='ltr'><strong>(l.)</strong></span> <span class='ocrx_word' id='word_1_284' title='bbox 230 4173 387 4237; x_wconf 85' lang='lat' dir='ltr'>Exorcizo</span> <span class='ocrx_word' id='word_1_285' title='bbox 416 4180 458 4245; x_wconf 82' lang='lat' dir='ltr'>te,</span> <span class='ocrx_word' id='word_1_286' title='bbox 483 4175 628 4232; x_wconf 87' lang='lat' dir='ltr'>creatura</span> <span class='ocrx_word' id='word_1_287' title='bbox 654 4163 737 4238; x_wconf 83' lang='lat' dir='ltr'>selis,</span> <span class='ocrx_word' id='word_1_288' title='bbox 763 4161 797 4224; x_wconf 91' lang='lat' dir='ltr'>iu</span> <span class='ocrx_word' id='word_1_289' title='bbox 825 4162 951 4226; x_wconf 91' lang='lat' dir='ltr'>nomine</span> <span class='ocrx_word' id='word_1_290' title='bbox 979 4163 1084 4228; x_wconf 87' lang='lat' dir='ltr'>Patris</span> <span class='ocrx_word' id='word_1_291' title='bbox 1104 4173 1137 4228; x_wconf 89' lang='lat' dir='ltr'>et</span> <span class='ocrx_word' id='word_1_292' title='bbox 1169 4161 1242 4225; x_wconf 88' lang='lat' dir='ltr'>Filu</span> 
     </span>
    </p>
   </div>
   <div class='ocr_carea' id='block_1_20' title="bbox 84 4263 1319 4426">
    <p class='ocr_par' dir='ltr' id='par_1_20' title="bbox 84 4263 1319 4426">
     <span class='ocr_line' id='line_1_37' title="bbox 86 4263 1226 4341; baseline -0.015 -14"><span class='ocrx_word' id='word_1_293' title='bbox 86 4294 105 4341; x_wconf 96' lang='lat'><em>7</em></span> <span class='ocrx_word' id='word_1_294' title='bbox 173 4283 249 4339; x_wconf 79' lang='lat' dir='ltr'>gestes</span> <span class='ocrx_word' id='word_1_295' title='bbox 314 4275 393 4337; x_wconf 78' lang='lat' dir='ltr'>holges</span> <span class='ocrx_word' id='word_1_296' title='bbox 425 4271 494 4321; x_wconf 70' lang='lat' dir='ltr'>sete</span> <span class='ocrx_word' id='word_1_297' title='bbox 510 4268 554 4318; x_wconf 65' lang='lat' dir='ltr'>dec</span> <span class='ocrx_word' id='word_1_298' title='bbox 570 4267 630 4316; x_wconf 71' lang='lat' dir='ltr'>iterh</span> <span class='ocrx_word' id='word_1_299' title='bbox 695 4265 746 4341; x_wconf 69' lang='lat' dir='ltr'>elis&#39;</span> <span class='ocrx_word' id='word_1_300' title='bbox 821 4279 851 4339; x_wconf 82' lang='lat'>.⁰¹¹</span> <span class='ocrx_word' id='word_1_301' title='bbox 899 4271 971 4312; x_wconf 78' lang='lat' dir='ltr'>raetre</span> <span class='ocrx_word' id='word_1_302' title='bbox 1022 4268 1093 4314; x_wconf 73' lang='lat' dir='ltr'>sende</span> <span class='ocrx_word' id='word_1_303' title='bbox 1145 4263 1226 4339; x_wconf 59' lang='lat' dir='ltr'>giheipt</span> 
     </span>
     <span class='ocr_line' id='line_1_38' title="bbox 84 4329 1319 4426; baseline -0.015 -21"><span class='ocrx_word' id='word_1_304' title='bbox 84 4350 120 4405; x_wconf 91' lang='lat' dir='ltr'>et</span> <span class='ocrx_word' id='word_1_305' title='bbox 137 4340 277 4426; x_wconf 87' lang='lat' dir='ltr'>Spiritus</span> <span class='ocrx_word' id='word_1_306' title='bbox 295 4337 413 4414; x_wconf 85' lang='lat' dir='ltr'>Sancti,</span> <span class='ocrx_word' id='word_1_307' title='bbox 434 4335 490 4422; x_wconf 91' lang='lat' dir='ltr'>qui</span> <span class='ocrx_word' id='word_1_308' title='bbox 515 4343 547 4398; x_wconf 89' lang='lat' dir='ltr'>te</span> <span class='ocrx_word' id='word_1_309' title='bbox 572 4354 629 4418; x_wconf 89' lang='lat' dir='ltr'>per</span> <span class='ocrx_word' id='word_1_310' title='bbox 654 4329 798 4395; x_wconf 85' lang='lat' dir='ltr'>Elrseum</span> <span class='ocrx_word' id='word_1_311' title='bbox 819 4349 853 4390; x_wconf 94' lang='lat' dir='ltr'>1n</span> <span class='ocrx_word' id='word_1_312' title='bbox 877 4347 992 4411; x_wconf 87' lang='lat' dir='ltr'>equam</span> <span class='ocrx_word' id='word_1_313' title='bbox 1017 4329 1101 4393; x_wconf 89' lang='lat' dir='ltr'>mitti</span> <span class='ocrx_word' id='word_1_314' title='bbox 1132 4329 1242 4412; x_wconf 84' lang='lat' dir='ltr'>jussrt,</span> <span class='ocrx_word' id='word_1_315' title='bbox 1316 4343 1319 4348; x_wconf 87' lang='lat'>·</span> 
     </span>
    </p>
   </div>
   <div class='ocr_carea' id='block_1_21' title="bbox 0 0 1524 5074">
    <p class='ocr_par' dir='ltr' id='par_1_21' title="bbox 0 0 1524 5074">
     <span class='ocr_line' id='line_1_39' title="bbox 0 0 1524 5074; baseline 0 2"><span class='ocrx_word' id='word_1_316' title='bbox 0 0 1524 5074; x_wconf 95' lang='lat' dir='ltr'> </span> 
     </span>
    </p>
   </div>
  </div>
 </body>
</html>
