2986 5074
457 503 691 584 suono-snxou
716 538 847 582 urruns.
1174 524 1215 584 39

214 683 252 732 Sel
311 682 368 730 soloe
418 681 500 729 &inum
566 697 593 729 ve
604 681 653 728 bid'
766 678 838 728 driht'
952 688 1003 742 gast
1096 679 1200 728 soiifaest'

105 748 184 833 (18.)
208 748 262 810 Da
283 743 403 831 populo
427 754 493 821 tuo,
522 766 705 829 quesumus,
728 743 880 820 Domine,
908 743 1053 828 spiritum
1073 743 1215 808 veritatis

69 867 84 914 Ἰ
119 852 194 899 sibbes
227 853 270 910 *lite
304 864 320 911 Ἰ
353 849 423 897 sllvm
455 847 529 895 echte
620 854 703 910 ongeat
777 862 793 910 Ἰ
827 844 900 894 liade
932 846 964 894 te
1006 863 1062 894 arou
1095 847 1216 894 cvoemlico

61 925 93 979 et
113 914 208 1000 pecie,
235 918 328 977 utet
353 921 421 976 tota
443 921 549 975 mente
570 918 748 995 cognoscat,
772 921 806 974 et
832 931 895 995 que
918 909 976 974 tibi
1002 919 1076 975 sunt
1101 909 1218 996 placita

61 1019 128 1065 anm
159 1017 237 1064 heare
286 1015 373 1078 gifylga
462 1013 479 1061 a
880 981 891 1020 ⁹

61 1079 243 1146 totocorde
270 1087 416 1154 sectetur,
442 1099 500 1162 per
522 1075 696 1140 Dominum

213 1232 252 1280 Sel
323 1246 350 1277 vs
458 1227 529 1276 driht'
644 1229 732 1278 vebid'
821 1231 865 1290 itte
898 1244 931 1276 aec
952 1228 1094 1290 middang'es
1120 1226 1201 1288 erning

107 1295 187 1380 (19.)
212 1294 265 1358 Da
294 1292 395 1367 nobis,
426 1291 574 1368 Domine,
606 1313 789 1376 quesumus,
827 1301 864 1355 ut
897 1300 930 1356 et
965 1291 1076 1354 mundi
1106 1311 1217 1354 cursus

88 1399 180 1446 sibsvm'
255 1413 282 1445 vs
336 1395 419 1443 Sinum
451 1395 627 1442 endebrednisse
660 1395 804 1458 siegirihtad
837 1411 854 1458 Ἰ
919 1395 986 1442 sirim
1041 1393 1085 1442 &in
1138 1395 1219 1456 smylt-

63 1462 211 1547 pacificus
233 1459 325 1524 nobis
349 1467 405 1522 tuo
486 1457 595 1522 ordine
658 1459 815 1543 dignatur,
832 1469 865 1522 et
887 1457 1021 1522 ecclesia
1038 1466 1094 1522 tua
1133 1465 1218 1522 tran-

63 1566 128 1613 liovm
238 1570 286 1611 oest
358 1561 504 1622 sieglaededo
543 1559 561 1607 ὕ
782 1557 785 1562 '

64 1629 162 1714 quilla
182 1625 347 1692 devotione
370 1625 497 1735 lqtetur,
520 1645 578 1708 per
600 1623 641 1686 D'

225 1779 258 1826 sel
330 1776 390 1823 haelo
504 1773 575 1822 driht'
695 1790 723 1821 ve
734 1772 782 1821 bid’
896 1774 953 1821 soloe
1002 1774 1085 1826 &inum
1117 1777 1202 1826 &ohtes

109 1843 190 1928 (20.)
215 1842 269 1904 Da
298 1839 442 1914 salutem,
473 1837 621 1914 Domine,
653 1857 834 1922 quesumus,
870 1837 989 1922 populo
1019 1847 1075 1902 tuo
1104 1843 1219 1907 mentis

71 1962 87 2010 Ἰ
140 1946 249 1994 lichomes
315 1958 331 2005 Ἰ
398 1943 504 1990 ecelicrm
633 1940 754 2002 gifrofrrm
880 1939 950 1989 &insa
1013 1943 1080 2006 gifyll
1129 1945 1208 1994 hear-ta

65 2021 97 2074 et
126 2007 274 2094 corporis,
306 2015 339 2070 et
368 2003 532 2092 perpetuis
563 2002 831 2068 consolationibus
856 2011 983 2067 tuorum
1007 2007 1094 2092 reple
1127 2010 1222 2074 corda

35 2123 37 2128 '
70 2113 202 2174 gileaffvllra
247 2113 291 2171 tte
355 2109 473 2157 scildnisse
541 2106 623 2155 ilirrvm
657 2107 690 2154 eft
700 2107 796 2154 ahet'eno
840 2108 1029 2169 *jarfaestlicvm
1094 2121 1156 2161 oeste

64 2175 214 2252 fidelium,
247 2183 292 2250 ut,
322 2171 519 2259 protectione
557 2181 613 2234 tua
659 2169 799 2246 relevati,
831 2180 864 2234 et
921 2171 975 2256 pia
1054 2175 1220 2242 devotione

87 2279 252 2342 hiagiovoema
301 2291 318 2339 Ἰ
346 2275 404 2323 &ino
437 2275 510 2336 symle
549 2274 586 2321 vel
596 2272 715 2320 fremuisse
758 2273 927 2336 hie...gifylga
1000 2275 1018 2323 a

66 2341 281 2428 conplaceant,
299 2348 332 2404 et
346 2349 403 2404 tua
417 2359 541 2422 semper
555 2336 708 2400 beneficia
722 2347 965 2422 consequantur,
982 2362 1039 2424 per

425 2489 503 2537 snare
612 2488 657 2536 arn
722 2475 724 2478 ’
771 2489 860 2537 vebid’
984 2473 1075 2539 anne
1154 2495 1211 2542 fone

111 2557 193 2642 (al.)
216 2551 348 2640 Porrige
385 2553 548 2617 dexteram
590 2561 687 2629 tuam,
728 2574 909 2637 quesumus,
947 2554 1094 2632 Domine,
1136 2557 1224 2641 plebi

65 2662 150 2712 5111va
221 2655 382 2705 miltheartnis'
471 2654 517 2702 tin
599 2655 740 2718 giwungesl
795 2654 855 2702 terh
940 2659 959 2717 lt
1040 2673 1056 2722 Ἰ
1121 2661 1212 2722 gidvolo

67 2736 131 2790 tuae
172 2719 418 2785 misericordiam
447 2727 535 2783 tuam
577 2717 759 2802 postulanti,
798 2740 855 2804 per
902 2743 996 2804 quam
1033 2732 1067 2786 et
1102 2745 1223 2788 errores

81 2828 172 2877 awaerle
423 2835 440 2884 Ἰ
489 2821 558 2868 notro
608 2821 659 2868 lifes
703 2821 816 2868 deadlioes
904 2821 997 2870 onfoe'
1058 2841 1074 2889 Ἰ
1168 2844 1207 2875 eco

67 2891 206 2957 declinet
226 2887 389 2961 humanos,
413 2893 446 2948 et
469 2883 580 2948 solatia
600 2883 666 2991 vitq
692 2883 833 2948 mortalis
871 2886 1014 2972 accipiat,
1050 2900 1082 2954 et
1109 2892 1223 2976 sempi-

67 3069 158 3125 terna
179 2991 296 3141 gildis
317 2999 560 3138 conriiilidirdat,
584 3071 642 3134 per

342 3309 435 3365 ITEM,
458 3308 537 3352 ALIA
559 3304 683 3351 ORATIO
705 3304 770 3348 PRO
793 3304 953 3350 Puccnuls.

243 3454 308 3516 giler
437 3454 526 3518 pebid'
656 3451 727 3499 driht'
857 3453 934 3500 hream
1025 3456 1094 3504 folces
1158 3459 1228 3509 dines

114 3517 174 3601 (1.)
213 3517 347 3594 Exaudi,
397 3538 579 3603 quesumus,
628 3515 775 3592 Domine,
819 3517 973 3600 gemitum
1010 3520 1121 3605 populi
1170 3525 1217 3588 tui

117 3619 247 3667 biddendes
336 3635 353 3683 Ἰ
397 3620 465 3668 hvaed
546 3634 660 3680 eamvngn
789 3619 878 3666 miclal
953 3623 1112 3672 remistrivaiS
1183 3643 1212 3675 ne

69 3682 290 3768 supplicantis,
328 3692 361 3747 et
399 3683 476 3767 quid
515 3681 699 3746 meritorum
757 3682 909 3768 qualitate
955 3685 1123 3764 difidimus,
1164 3712 1228 3754 non

118 3788 173 3834 dom
255 3786 286 3834 ah
367 3787 491 3834 miltheart'
563 3785 743 3861 lteregifqua
784 3787 922 3847 vcgiearnia

66 3849 225 3934 judicium
249 3849 304 3912 sed
326 3847 539 3913 misericordia
575 3869 726 3934 consequi
762 3870 948 3924 mereamur,
973 3871 1029 3934 per

245 4000 310 4062 giher
433 3998 519 4049 vebid’
650 3997 722 4046 driht’
836 3998 979 4046 boensendm
1052 4001 1124 4050 beado
1201 4020 1218 4068 Ἰ

116 4065 177 4149 (2.)
214 4063 349 4140 Exaudi,
393 4085 574 4149 quesumus,
622 4061 769 4138 Domine,
816 4060 995 4147 supplicum
1039 4086 1158 4148 preces,
1197 4079 1231 4132 et

102 4168 257 4215 ondettendra
328 4165 361 4214 lie
419 4183 478 4230 spaer
536 4181 635 4228 synnvm
687 4167 731 4224 itte
752 4165 864 4226 aetgeadre
919 4181 946 4212 vs
1047 4169 1164 4232 f'gefnisse

70 4231 293 4296 confitentium
318 4230 374 4294 tibi
400 4251 495 4316 parce
514 4227 661 4314 peccatis,
687 4237 724 4292 ut
747 4227 865 4314 pariter
887 4229 978 4294 nobis
1000 4229 1229 4318 indulgentiam

69 4333 196 4396 giraecellv
237 4334 358 4381 rimodlice
402 4348 418 4396 Ἰ
486 4333 520 4380 sib
611 4329 629 4378 ὃ

69 4397 195 4504 tribuqs
218 4395 375 4481 benignus
398 4405 431 4460 ct
452 4417 571 4481 pacem,
596 4415 652 4479 per
