3040 5074
245 496 307 561 tta
611 505 855 563 ,naono-saxon
879 503 1011 548 urnula.

291 649 352 698 tides
433 665 450 712 7
491 649 523 698 i'e
549 647 625 696 tinne
667 641 846 692 miltleonniaee
917 641 990 703 symle
1064 641 1095 688 ‹lo
1128 641 1180 703 vsig
1228 640 1386 703 terhpyniga

244 712 404 798 temporis,
427 723 461 778 et
482 733 540 798 pro
563 719 619 776 tua
655 703 868 772 misericordia
897 724 1022 788 semper
1047 701 1099 770 fac
1124 725 1183 770 noe
1209 725 1398 789 permanere

243 815 402 864 manendam

176 954 178 958 ¹
252 876 394 955 inlessos,
410 898 468 966 per

327 1020 332 1047 1
496 1005 621 1050 onemo
645 1003 681 1048 m
705 1001 762 1048 om
785 1000 911 1046 nouuu
935 1000 979 1046 an
1001 1000 1147 1046 narratu.

422 1120 481 1183 giles
607 1115 695 1166 vebid'
833 1113 897 1162 allm’
1003 1115 1049 1178 goel
1098 1115 1144 1175 pte
1160 1114 1231 1164 &alte
1314 1123 1401 1164 creater

291 1183 350 1268 (1.)
376 1182 533 1257 Concede,
551 1199 743 1268 quaesumns,
764 1177 964 1262 omnipotens
979 1177 1080 1254 Deus,
1104 1187 1141 1242 nt
1169 1179 1225 1264 qui
1240 1199 1400 1242 resurrec-

381 1285 528 1334 drilrtenlioes
588 1281 725 1346 symbeltitlo
766 1277 920 1344 bigoongam
953 1281 1119 1343 vegisomniga
1180 1279 1241 1328 {terh
1316 1281 1401 1344 inoeig·

246 1346 341 1411 tionis
371 1347 549 1412 Dominicae
572 1343 759 1429 sollempnia
788 1342 893 1406 colere
922 1362 1160 1427 congregamur,
1186 1365 1245 1430 per
1274 1343 1401 1408 invoca

245 1463 301 1496 enee
374 1449 442 1499 &inea
488 1457 565 1513 gastos
605 1449 662 1496 from
694 1444 770 1494 doato
829 1445 903 1492 savies
978 1446 1071 1495 eitarlsa
1175 1447 1284 1510 vcmaegr'
1339 1446 1400 1495 terh

246 1512 364 1576 tionem
389 1514 437 1577 tui
461 1513 591 1599 spiritus
627 1533 647 1575 a
680 1517 781 1572 morte
810 1507 925 1572 animm
950 1529 1115 1596 resurgere
1144 1509 1315 1587 valeamus,
1343 1531 1402 1596 per

279 1615 350 1673 pilea
479 1616 551 1664 driht'
680 1608 741 1660 ποτ’
837 1609 892 1657 hael'
964 1625 1022 1660 avnv
1109 1611 1154 1662 tin
1203 1611 1272 1660 salic
1292 1611 1337 1660 lico
1348 1611 1401 1659 mit

247 1678 383 1741 eundern
418 1678 592 1742 Dominum
628 1683 772 1740 nostrum
804 1673 915 1736 Jesnm
943 1672 1045 1738 filium
1078 1684 1179 1752 tuum,
1211 1675 1267 1761 qui
1293 1685 1401 1742 tecum

248 1777 319 1826 fiola&
359 1794 376 1842 7
425 1779 501 1830 ricsaii
573 1780 618 1842 god
666 1778 692 1825 in
739 1775 831 1824 anniane
885 1773 938 1822 iiaes
948 1776 1008 1824 ilcan
1079 1786 1156 1840 gastos
1237 1778 1300 1841 halg'
1340 1777 1402 1827 lierh

247 1840 325 1904 vivit
350 1851 383 1905 et
408 1853 521 1928 regnat
546 1843 637 1908 Deus
660 1840 693 1904 in
723 1837 845 1904 unitate
874 1838 1017 1922 ejusdem
1048 1841 1187 1927 Spiritus
1211 1840 1321 1906 Sancti
1344 1863 1403 1927 per

273 1943 320 1992 allo

249 2004 354 2070 omnia
369 2007 483 2074 secula.

171 2205 175 2217 .
249 2183 424 2229 lNClPlUNT
446 2186 616 2231 CAPlTULAE
639 2187 683 2230 AD
697 2186 847 2231 mmm
867 2187 910 2231 ET
924 2187 1054 2232 SEXTAM
1073 2187 1115 2231 ET
1130 2187 1253 2230 NONAM
1269 2187 1402 2232 ΗΘΚΛΜ.

387 2296 465 2344 faeder
513 2311 594 2343 reorne
626 2293 699 2344 Me
721 2295 764 2344 arii
788 2296 814 2344 in
849 2296 914 2346 heol’

294 2361 354 2444 (1.)
380 2359 476 2423 Pater
498 2368 606 2422 noster
632 2358 687 2442 qui
721 2380 755 2422 es
785 2359 817 2422 in
833 2359 922 2424 coelis

249 2461 369 2526 pssylaea
385 2461 435 2524 mig
482 2460 564 2522 gilaede
597 2460 622 2507 in
642 2463 698 2508 cost'

249 2534 282 2589 et
310 2545 351 2589 ne
380 2545 437 2588 nos
455 2523 586 2587 inducas
601 2522 634 2586 in
663 2524 694 2586 t'.

453 2659 521 2721 helpe
650 2674 731 2706 rsernc
775 2659 800 2706 in
846 2675 913 2708 nome
995 2659 1066 2707 driht'
1117 2659 1181 2708 selle
1197 2661 1272 2722 dydes
1304 2662 1388 2711 heofon

293 2725 352 2808 (2.)
378 2721 582 2807 Adjutorium
611 2731 753 2785 nostrum
769 2721 802 2784 in
817 2723 944 2786 nomine
955 2722 1096 2799 Domini,
1124 2723 1179 2807 qui
1193 2723 1271 2788 fecit
1285 2725 1404 2790 coelum

412 3025 433 3072 ic
477 3021 550 3071 evoco
615 3019 687 3070 driht'
792 3022 859 3070 milsa
939 3023 1006 3070 min·
1036 3021 1083 3070 hel
1132 3031 1133 3034 ’
1173 3023 1235 3071 savel
1327 3025 1376 3072 min

297 3090 357 3173 (3.)
382 3088 453 3172 Ego
477 3085 552 3162 dixi,
580 3084 728 3161 Domine,
755 3084 905 3149 miserere
930 3084 1002 3161 mei,
1027 3106 1104 3150 sena
1122 3085 1270 3173 ‘animam
1300 3108 1404 3152 meam

251 3190 322 3240 s'lion
354 3191 375 3239 ic
392 3190 495 3252 syngade
527 3188 559 3264 §e
1178 3193 1180 3199 ’

253 3254 328 3340 quia
361 3252 489 3339 peccavi
513 3251 579 3315 obi.

390 3388 448 3436 from
471 3386 624 3447 degolnissrm
651 3385 713 3434 min?
745 3385 857 3446 geclrensa
889 3399 937 3434 mcc
1009 3385 1081 3434 driht'
1157 3401 1174 3449 ²1
1213 3387 1250 3434 fro
1278 3387 1406 3436 rtaocrndi

298 3452 357 3536 (4.)
392 3451 444 3514 Ab
478 3448 612 3522 occultis
642 3448 720 3512 meis
742 3447 860 3512 munda
885 3469 945 3526 me,
971 3447 1119 3526 Domine,
1150 3459 1183 3514 et
1213 3451 1253 3514 ab
1283 3449 1396 3514 alienis

269 3569 329 3616 speer
377 3567 431 3600 esne
463 3550 546 3598 tinem

254 3638 349 3702 perce
364 3635 454 3680 servo
483 3622 548 3676 tuo.

415 3747 514 3810 givoend
562 3747 612 3809 mig
652 3746 729 3809 lagod
753 3745 898 3794 halvoandeii
938 3763 1018 3796 veeme
1059 3764 1076 3812 Ἰ
1105 3749 1198 3798 frooerr
1237 3751 1297 3800 iorre
1345 3752 1390 3800 tin

301 3814 361 3898 (5.)
386 3811 544 3876 Converte
558 3830 625 3886 nos,
642 3810 743 3886 Deus,
759 3809 905 3874 salutaris
922 3820 1038 3888 noster,
1054 3822 1087 3876 et
1102 3821 1208 3878 averte
1223 3813 1303 3878 iram
1318 3823 1408 3880 tuam

255 3917 400 4044 fironcllris.

417 4109 528 4172 givoende
600 4109 671 4158 driht'
767 4106 809 4155 viii
892 4110 912 4168 lt
962 4124 979 4172 7
1048 4111 1137 4158 boenlic
1218 4110 1309 4160 vaesssv
1342 4073 1377 4160 ol'

302 4175 362 4259 (6.)
387 4175 553 4249 Converte,
571 4172 717 4250 Domine,
742 4192 843 4256 usque
860 4193 932 4256 quo,
949 4183 982 4237 et
996 4172 1204 4258 deprecabilis
1225 4183 1294 4239 esto
1313 4197 1413 4261 super

291 4295 346 4328 esna
389 4277 445 4326 ilino

259 4363 364 4408 servos
380 4351 460 4405 tuos.
