2986 5074
265 473 307 532 46
648 487 881 532 nunno-saxon
904 486 1036 530 arrum.

308 625 405 673 heofoni
474 626 498 672 in
547 626 615 674 criste
674 625 729 674 hael'
794 625 865 674 driht’
929 629 994 674 vsvdr

265 688 454 753 caelestibus
468 687 503 752 in
519 689 646 754 Christo
661 689 739 754 Jesu
754 689 893 754 Domino
908 698 1027 752 nostro.

427 841 494 903 eedig
541 857 581 889 ver
608 840 675 890 rete
691 842 717 890 in
782 849 862 904 mytro
933 841 971 888 his
1009 837 1051 888 bit
1065 835 1203 902 pnigendol
1244 852 1260 900 Ἰ
1295 836 1359 886 sete
1392 839 1415 886 in

311 901 370 985 (5.)
396 902 516 967 Beatus
539 903 587 967 vir
610 905 666 992 qui
685 905 719 968 in
745 903 900 990 sapientia
924 926 983 968 sua
1010 901 1193 976 morabitur,
1236 910 1269 965 et
1299 901 1355 986 qui
1369 900 1415 964 -in

265 1001 407 1053 soblaestnis’
439 1005 482 1054 bic
494 1008 600 1055 emeande
661 1023 679 1070 q
712 1008 737 1056 in
780 1006 853 1055 bohto
869 1003 1108 1070 gibohtelgiltencob
1174 1004 1353 1066 ymbsoeaprng

261 1066 387 1150 justitia
415 1069 627 1148 meditabitur,
653 1079 686 1135 et
711 1070 864 1135 insensu
908 1069 1059 1154 cogitabit
1102 1065 1444 1152 circumspectionem,

264 1170 334 1230 godes
414 1175 416 1180 ,

265 1232 338 1297 Dei.

387 1385 515 1449 giriordade
557 1383 612 1434 bine
667 1386 727 1435 blase
760 1385 852 1449 lifes-J
918 1389 1027 1450 ondgeten
1099 1403 1116 1452 Ἰ
1150 1396 1223 1452 patre
1293 1393 1385 1448 snytres

312 1449 370 1533 (6.)
394 1449 521 1514 Cibavit
542 1447 632 1512 illum
654 1471 736 1534 pane
751 1449 817 1553 vitq
831 1458 865 1516 et
878 1448 1068 1528 intellectus,
1093 1461 1126 1516 et
1147 1473 1231 1538 aqua
1245 1449 1417 1535 sapientiae

265 1549 304 1598 bal
323 1552 407 1599 oendos
436 1550 560 1614 gidrenoelt
610 1552 665 1600 hine
752 1551 825 1600 dribt'
890 1554 934 1616 god
999 1553 1057 1602 vsor'

265 1567 412 1679 sasutaris
439 1614 561 1702 potabit
587 1614 677 1679 illum
692 1615 850 1680 Dominus
865 1616 957 1680 Deus
971 1626 1087 1681 noster.

661 1809 745 1854 ITEM
766 1808 1017 1856 conmemorans

463 1946 531 1995 cirico
636 1945 681 1994 tin
779 1947 850 1996 driht’
921 1949 1051 2012 pelrvmlioe
1110 1949 1216 2012 giinlihte
1258 1951 1303 2010 {tte
1336 1949 1418 2010 eadges

311 2011 370 2095 (1.)
406 2008 583 2073 Ecclesiam
608 2017 705 2085 tuam,
732 2009 880 2088 Domine,
904 2011 1062 2096 benignus
1087 2011 1230 2090 inlustra,
1261 2022 1298 2076 ut
1331 2011 1418 2075 beati

312 2114 369 2161 Joh'
472 2111 633 2174 godspolleres‘
724 2112 738 2124 '¹
767 2113 844 2161 'tado
941 2115 1013 2162 larvm
1077 2122 1101 2163 to
1164 2116 1216 2164 eal?
1280 2115 1409 2177 Serbcyme

264 2172 426 2242 Johannis·
444 2173 654 2258 evangelistae
680 2172 712 2238 in
726 2175 869 2242 uminata
893 2175 1052 2254 doctrinis,
1076 2177 1116 2242 ad
1141 2131 1225 2244 dona
1253 2178 1420 2264 perveniat

329 2279 411 2326 ecelici

265 2341 465 2428 sempiterna,
482 2359 538 2424 per
553 2339 595 2402 D'

377 2491 485 2554 ,eadgos
549 2486 606 2538 Joh'
736 2490 846 2552 godepell’
966 2489 1054 2540 vebid’
1175 2491 1265 2548 drnt’,
1298 2509 1302 2514 ’
1343 2491 1419 2539 boene

309 2556 369 2641 (2.)
394 2553 488 2620 Beati
502 2552 655 2617 Johannis
681 2553 901 2637 evangelistae,
925 2575 1107 2638 quesumus,
1130 2555 1278 2632 Domine,
1295 2555 1420 2639 suppli-

364 2647 368 2652 ⁵
425 2657 540 2720 moresne
596 2647 775 2718 qf'egisnisso'
902 2657 970 2732 giren
1019 2657 1198 2721 *jleoedomas'
1268 2658 1364 2718 aeolica

264 2719 387 2786 catione
409 2719 561 2804 placatus,
585 2727 619 2782 et
633 2718 756 2783 veniam
770 2717 862 2783 nobis
876 2721 990 2797 tribue,
1008 2729 1042 2785 et
1060 2721 1200 2786 remedia
1223 2720 1420 2806 sempiterna

290 2823 349 2885 giles

264 2885 409 2950 concede.

399 3018 482 3081 eadges
547 3015 671 3080 godspelle'
786 3017 843 3066 Joh'
950 3018 1039 3069 vebid’
1139 3019 1211 3070 dribt’
1293 3023 1369 3072 baadi

310 3081 369 3166 (3.)
394 3080 488 3144 Beati
513 3079 705 3164 evangeliste
724 3079 887 3158 Johannis,
904 3103 1085 3166 quesumus,
1102 3084 1250 3161 Domine,
1266 3086 1420 3170 precibus

262 3175 443 3245 ve'si'eaholpen
480 3185 529 3244 ¹lits
578 3185 599 3243 'b
703 3183 788 3232 mathto
902 3200 953 3234 vera
1008 3193 1039 3234 n‘e
1103 3186 1183 3234 baldas
1247 3188 1285 3236 bis
1358 3207 1386 3239 va

260 3249 453 3333 adjuvemur,
487 3254 525 3309 ut
546 3245 632 3330 quod
655 3245 848 3330 possibilitas
869 3257 977 3314 nostra
991 3269 1055 3312 non
1075 3249 1207 3329 obtinet,
1230 3251 1300 3336 ejus
1322 3255 1419 3320 nobis

295 3349 426 3413 itincgvnge
539 3346 624 3394 scsald
684 3345 702 3394 a
979 3359 982 3363 ·

263 3410 488 3478 intercessione
504 3409 647 3484 donetur,
663 3430 721 3494 per

409 3546 443 3594 sie
507 3543 579 3592 driht’
660 3545 727 3608 oadig
809 3545 895 3594 Johan'
976 3549 1099 3612 godepello’
1187 3549 1247 3599 vscr’
1322 3554 1421 3603 tedem'

308 3608 368 3695 (4.)
395 3608 452 3684 Sit,
469 3607 617 3684 Domine,
636 3609 749 3672 beatus
771 3609 931 3674 Johannes
946 3612 1140 3696 evangelista
1153 3623 1280 3678 nostrae
1294 3615 1421 3700 fragili-

310 3720 313 3725 ’
375 3709 475 3772 helpend
513 3712 558 3771 pto
596 3708 630 3758 f'e
693 3726 720 3758 vs
795 3711 828 3760 lta
891 3715 1021 3761 boensande
1059 3715 1239 3776 monigfnldlicor
1270 3719 1415 3782 siegihered

244 3773 337 3854 -tatis
359 3773 493 3859 adjutor,
520 3783 558 3838 ut
585 3793 644 3860 pro
669 3773 761 3839 nobis
787 3774 845 3840 tibi
868 3776 1049 3862 supplicans
1075 3777 1234 3863 copiosius
1256 3783 1421 3860 audiatur,

261 3876 319 4026 pier
333 3937 507 4004 Dominum

317 4101 320 4106 ·
412 4089 468 4150 ιςοᾶ
519 4085 586 4136 seito
602 4087 662 4137 berla
733 4090 815 4153 eadges
862 4091 959 4153 apostol'
991 4089 1060 4140 &ines
1124 4092 1180 4141 Job’
1246 4097 1328 4144 rondes
1345 4097 1422 4149 binas

307 4152 366 4236 (5.)
390 4151 492 4226 Deus,
522 4150 577 4235 qui
601 4173 659 4236 per
672 4173 708 4216 os
730 4153 816 4217 beati
841 4153 976 4238 apostoli
1001 4154 1050 4220 tui
1074 4153 1228 4222 Johannis
1242 4159 1331 4224 verbi
1359 4163 1412 4226 tui

293 4269 320 4301 vs
391 4253 481 4316 gidegla
512 4253 546 4301 eft
554 4252 673 4301 avonlece
719 4254 790 4316 gionn
886 4254 975 4304 vcbid’
1042 4259 1087 4318 'fite
1142 4261 1162 4319 lt
1237 4262 1267 4312 hc
1324 4266 1369 4312 vs?

260 4316 351 4385 nobis
366 4317 502 4385 archana
516 4316 671 4392 reserasti,
698 4324 813 4400 presta,
838 4339 1019 4401 quesumus,
1047 4328 1084 4384 ut
1110 4323 1194 4407 quod
1221 4323 1274 4390 ille
1297 4329 1422 4394 nostris
