3040 5074
253 457 314 518 130
629 471 863 516 cuono-saxon
888 423 1021 516 siluro.

250 611 355 676 nivem
370 609 492 687 efficiat,
510 609 625 695 quibus
640 610 757 696 gaudia
780 620 910 676 aetemae
932 610 998 722 vitp
1020 619 1054 676 et
1067 610 1174 678 dulcia
1188 633 1285 699 super
1299 615 1407 679 omnia

250 737 346 802 melle
360 736 518 802 sortietur.

295 863 350 928 Tu
364 862 458 940 enim,
474 862 622 941 Domine,
639 862 810 948 promisisti
825 863 969 948 patribus
983 865 1098 930 nostris
1112 865 1242 976 Abrahp
1259 886 1279 952 7
1297 867 1406 932 Issaac

253 999 287 1055 et
314 988 423 1066 Jacob,
448 988 651 1054 Introducam
680 1011 737 1054 vos
766 988 801 1053 in
838 999 954 1056 terram
990 991 1249 1077 repromissionis,
1288 1002 1407 1057 terram

252 1115 404 1181 fluentem
423 1115 473 1181 lac
489 1135 509 1202 7
528 1114 601 1192 mel,
622 1114 720 1200 imple
735 1135 794 1200 pro
809 1114 1023 1180 misericordia
1047 1125 1104 1181 tua
1117 1137 1232 1201 magna
1245 1116 1318 1180 haec
1332 1139 1406 1202 pro-

252 1241 348 1306 missa
361 1241 396 1304 in
410 1241 501 1306 nobis
516 1262 625 1306 eorum
648 1239 721 1304 liliis
743 1239 953 1326 aliquatenus,
970 1250 1003 1306 et
1017 1241 1080 1307 fide
1095 1252 1128 1308 et
1143 1243 1292 1330 operibus
1303 1243 1406 1328 junge

253 1391 312 1434 nos
326 1339 547 1434 tumulos'tuos
562 1365 595 1431 in
608 1365 736 1432 Christo
752 1375 785 1432 et
798 1366 920 1452 Spiritu
937 1368 1055 1434 Sancto
1070 1368 1120 1434 lac
1135 1369 1246 1435 etmel
1257 1371 1406 1454 junctum

253 1494 374 1579 ecujus
388 1493 508 1560 ducatu
516 1491 708 1580 accipiemus
722 1491 898 1578 spelndoris
913 1493 1083 1560 albidinem
1094 1495 1127 1560 in
1144 1517 1239 1581 quam
1254 1495 1321 1604 vitp
1336 1518 1407 1582 paa-

254 1620 375 1688 sionem
400 1643 490 1688 suam
512 1642 618 1686 coram
643 1618 807 1704 discipulis
832 1619 867 1684 in
891 1628 999 1686 monte
1029 1621 1271 1707 transfiguratus
1297 1631 1348 1687 est
1373 1633 1408 1688 et

253 1748 453 1816 dulcedinem
474 1757 604 1814 aeternae
619 1747 652 1810 in
667 1745 902 1812 resurexionam
926 1768 1016 1812 suam
1037 1745 1138 1812 falum
1152 1747 1254 1812 mellis
1268 1767 1408 1813 comme-

253 1875 301 1940 dit
315 1897 468 1962 perquam
482 1875 552 1940 haec
566 1873 684 1952 omnia,
699 1872 837 1938 Domine

557 2080 566 2098 .
582 2081 591 2098 ι
606 2079 614 2097 t
631 2080 639 2096 ι
655 2053 750 2096 Parus
773 2051 950 2096 FRUMEN'H
973 2051 1101 2096 Novum.

301 2165 360 2250 (1.)
386 2161 535 2240 Benedic,
567 2161 714 2237 Domine,
742 2169 775 2226 et
800 2161 857 2226 hos
883 2161 1004 2226 fructus
1029 2183 1126 2226 novos
1149 2183 1229 2242 uvae,
1253 2189 1334 2253 quos
1360 2180 1406 2245 tu,
1501 2129 1502 2134 γ

255 2291 403 2367 Domine,
419 2310 489 2354 rore
505 2286 576 2380 ¹coeli
591 2297 625 2353 et
639 2287 845 2353 inundatione
867 2287 1046 2374 pluviarum
1068 2297 1101 2352 et
1123 2298 1302 2376 temporum
1325 2316 1408 2360 sere-

256 2414 356 2480 nitate
371 2413 412 2478 ad
434 2411 648 2477 maturitatem
674 2411 847 2498 perducere
869 2413 1017 2498 dignatus
1039 2435 1082 2492 es,
1109 2425 1143 2479 et
1167 2416 1283 2486 dedisti
1307 2445 1347 2488 ea
1366 2425 1407 2489 ad

257 2563 334 2607 usus
349 2549 473 2606 nostros
488 2561 561 2604 cum
575 2539 746 2625 gratiarum
764 2541 887 2606 actione
902 2541 1075 2627 percipere,
1085 2541 1119 2605 in
1133 2543 1260 2610 nomine
1275 2545 1406 2614 Domini

256 2667 356 2732 nostri
370 2667 448 2731 lesu
464 2665 593 2742 Christi,
609 2667 640 2751 p'

302 2794 362 2876 (2.)
387 2791 466 2868 ebio,
482 2790 630 2867 Domine,
657 2799 833 2856 creaturam
855 2791 947 2855 istam
969 2793 1061 2878 panis
1083 2815 1196 2858 novam
1211 2794 1407 2863 sicutbene·

258 2917 366 2982 dixisti
395 2917 537 3004 quinque
574 2939 673 3005 panes
696 2915 730 2981 in
752 2917 877 2982 deserto
899 2926 934 2981 et
959 2917 1039 2982 duos
1064 2919 1167 3005 pisces
1193 2931 1226 2986 et
1250 2943 1291 2986 ‚u
1322 2922 1410 2987 milia

257 3045 420 3110 hominum
442 3044 573 3122 satiasti,
595 3044 640 3110 ita
664 3043 853 3109 benedicere
876 3043 1015 3128 digneris
1039 3055 1076 3110 ut
1105 3046 1146 3112 sit
1168 3047 1303 3112 dominis
1324 3049 1409 3134 ejus·
1500 3037 1501 3040 ¹

257 3171 329 3236 dem
350 3173 536 3239 habundans
557 3172 589 3236 in
605 3194 722 3237 annum
743 3169 937 3248 alimentum,
960 3180 1125 3255 gustantes
1148 3173 1203 3259 qni
1218 3195 1258 3240 ex
1273 3197 1312 3239 eo
1327 3175 1409 3240 acci-

256 3300 345 3386 pient
374 3312 439 3366 tam
469 3297 608 3384 corporis
638 3319 734 3383 quam
762 3293 877 3360 animae
908 3295 1085 3375 sanitatem,
1121 3320 1178 3384 per
1207 3309 1248 3377 te,
1281 3299 1409 3366 Christe

257 3428 343 3503 Jesu,
361 3425 417 3511 qui
431 3445 544 3508 regnas
559 3421 591 3485 in
607 3421 725 3486 saecula
739 3420 902 3496 saeculum,
919 3422 949 3505 p’
1274 3415 1278 3418 ’

302 3561 361 3645 (3.)
400 3557 538 3624 Domine
560 3563 678 3632 sancte,
703 3553 801 3618 Pater
822 3555 1031 3641 omnipotens,
1062 3557 1223 3623 sanctifica
1244 3580 1354 3644 pomas
1376 3569 1410 3623 et

256 3707 355 3751 nuces
371 3682 574 3769 nucleosque,
602 3690 635 3746 et
656 3702 782 3746 omnem
792 3681 929 3746 fructum
944 3684 1091 3746 arborum
1113 3703 1207 3768 quem
1229 3683 1408 3763 herbarum,

257 3814 312 3901 qui
328 3823 384 3878 tuo
403 3809 535 3898 imperio
556 3831 666 3874 ussum
682 3807 827 3873 omnibus
842 3810 987 3894 praebent
1001 3808 1214 3876 animantibus
1228 3832 1286 3897 per
1311 3822 1333 3879 :·
1356 3835 1413 3898 per

256 3961 351 4026 quem
369 3940 440 4006 haec
455 3935 560 4003 omnia

667 4104 869 4150 BENEDICI'IO
892 4104 1002 4150 PUTEI·

298 4194 358 4325 (ll)
390 4239 618 4323 Deprecamur,
634 4233 782 4312 Domine,
799 4233 999 4298 clementiam
1014 4233 1141 4319 pietatis
1157 4244 1223 4301 tuae
1238 4245 1275 4302 ut
1299 4260 1413 4325 aquam
