3040 5074
485 507 719 552 ANGLO·SAXON
743 508 876 552 RITUAL·

212 741 379 792 SEQUITUR
402 743 556 786 SANCTUM
579 743 798 787 EVANGELIUM
821 744 1003 788 SECUNDUM
1026 743 1148 788 Lucam.
1223 736 1224 740 ¹

147 881 207 966 (1.)
233 881 272 950 In
287 881 342 946 illo
358 892 500 968 tempore
515 880 596 946 dixit
610 882 704 946 Jesus
726 881 890 968 discipulis
909 883 984 960 suis,
1003 883 1116 948 Ponite
1132 905 1207 968 ergo
1222 883 1256 946 in

98 1007 250 1073 cordibus
277 1008 388 1076 vostris
417 1029 481 1071 non
507 1005 709 1092 premeditari
736 1006 1001 1091 quemadmodum
1027 1005 1255 1092 respondeatis,

99 1157 164 1220 ego
180 1135 264 1200 enim
279 1135 360 1204 dabo
376 1133 464 1198 vobis
479 1154 514 1197 os
530 1143 562 1197 et
578 1131 774 1218 sapientiam,
799 1132 851 1196 cui
866 1155 929 1197 non
944 1143 1096 1219 potemnt
1109 1135 1256 1200 resistere

100 1271 136 1326 et
166 1261 381 1328 contradicere
407 1281 517 1351 omnes
543 1259 713 1324 adversarii
740 1260 844 1324 vestri.
889 1261 1074 1326 Trademini
1101 1272 1208 1328 autem
1237 1287 1257 1329 a

100 1389 289 1476 parentibus
310 1398 342 1453 et
361 1369 521 1464 fratribus,
545 1398 578 1452 et
600 1387 742 1473 cognatis
765 1396 798 1452 et
820 1386 937 1464 amicis,
957 1396 990 1452 et
1004 1397 1105 1452 morte
1120 1388 1257 1454 afficient

101 1537 145 1581 ex
161 1514 259 1591 vobis,
276 1513 408 1580 eteritis
423 1513 495 1577 odio
509 1513 654 1577 omnibus
669 1513 849 1578 hominibus
864 1523 995 1600 propter
1009 1536 1124 1580 nomen
1139 1537 1255 1592 meum,

103 1653 139 1707 et
154 1641 288 1728 capillus
303 1639 459 1726 decapite
474 1647 579 1704 vestro
588 1661 655 1714 ‚non
671 1639 796 1725 peribit
844 1639 882 1703 In
898 1639 1053 1726 patientia
1067 1649 1172 1706 vestra
1185 1662 1258 1726 pos·

103 1769 250 1835 sidebitis
265 1768 385 1833 animas
400 1776 529 1834 vestras.

149 1943 159 1960 .
175 1944 183 1960 .
199 1944 207 1960 .
223 1943 231 1960 .
248 1894 449 1962 Exultabunt
463 1893 572 1970 sancti,
589 1893 621 1956 in
637 1893 737 1979 gloria
752 1893 954 1959 laetabuntur.

153 2074 160 2088 .
179 2075 186 2090 .
204 2072 211 2088 .
230 2024 417 2088 .Justorum
432 2007 547 2084 animae
563 2018 597 2082 in
611 2040 672 2082 ma.

608 2225 651 2267 an
674 2209 759 2270 σοι’.

156 2371 215 2455 (1.)
240 2363 389 2442 Domine,
401 2373 575 2450 martyrum
585 2364 769 2429 celebritate
779 2374 967 2442 sanctorum,
982 2385 1164 2451 quesumus,
1180 2385 1262 2428 sem·

104 2519 167 2584 per
179 2497 214 2560 in
229 2516 339 2560 eorum
361 2489 657 2557 commemoratione
679 2491 854 2566 laudemus
874 2499 907 2554 et
922 2500 1010 2555 tuam
1025 2513 1150 2576 semper
1170 2491 1264 2555 mise·

104 2619 275 2686 ricordiam
289 2619 380 2684 nobis
393 2617 433 2704 (ἲ)
457 2617 702 2704 deprecantibus
717 2639 956 2703 consequamur,
973 2640 1030 2704 per

479 2825 515 2868 us
538 2806 601 2868 vm’
628 2824 729 2868 usius
752 2824 908 2868 v1RGINIS.

155 2968 215 3056 (1.)
239 2968 302 3044 Da,
324 2985 505 3053 quesumus,
530 2961 729 3047 omnipotens
750 2961 851 3036 Deus,
877 2968 914 3024 ut
938 2959 994 3046 qui
1018 2961 1139 3038 beatae,
1166 2961 1261 3038 illius,

103 3093 246 3179 virginis,
261 3092 312 3156 vel
326 3089 480 3176 martyris,
493 3097 551 3198 tup
565 3085 714 3152 natalicia
728 3085 924 3151 celebramus
941 3097 975 3152 et
990 3087 1093 3152 anima
1107 3089 1152 3173 (?)
1179 3136 1186 3151 .
1205 3135 1212 3153 .
1227 3133 1236 3152 .
1253 3138 1261 3153 .

104 3241 297 3285 ....emur
311 3217 466 3303 exemplo,
479 3238 535 3303 per
593 3302 596 3308 Ι

468 3399 596 3454 anemo,
619 3378 684 3440 nus’
708 3394 901 3439 sarrsnsus.

158 3541 219 3623 (1.)
244 3539 346 3614 Quasi
362 3539 475 3604 cedrus
491 3538 649 3604 exaltatus
664 3557 735 3600 sum
750 3533 782 3598 in
796 3532 929 3609 Libano,
942 3540 975 3596 et
991 3531 1081 3617 quasi
1096 3553 1262 3619 cypressus

106 3664 143 3728 in
158 3673 298 3729 montem
316 3664 402 3742 Sion,
428 3665 519 3751 quasi
544 3666 650 3752 palme
674 3665 813 3730 exaltata
839 3684 909 3727 sum
931 3661 965 3725 in
988 3660 1100 3737 Cades,
1124 3669 1157 3726 et
1172 3662 1263 3748 quasi

107 3788 266 3876 plantatio
291 3811 373 3855 rosae
399 3790 432 3854 in
455 3791 591 3866 Jeriobo,
618 3788 709 3875 quasi
730 3789 813 3852 oliva
840 3785 983 3872 speciosa
1011 3785 1044 3850 in
1074 3786 1202 3872 campis,
1230 3798 1264 3852 et

108 3916 201 4004 quasi
217 3917 386 4004 plantanus
401 3918 539 3984 exaltata
554 3938 624 3981 sum
639 3917 733 4000 juxta
750 3935 865 4000 aquam
883 3913 916 3976 in
937 3910 1059 3999 plateis,
1082 3911 1166 3978 sieut
1178 3913 1264 4011 eina-

107 4066 250 4109 momum
266 4053 298 4110 et
309 4045 468 4133 aspaltum
483 4043 691 4110 aromatizans
708 4041 836 4106 odorem
847 4039 929 4117 dedi,
944 4038 1034 4126 quasi
1044 4061 1149 4126 myrra
1163 4027 1264 4108 electa

108 4172 185 4238 dedi
201 4171 390 4238 suavitatem
405 4173 519 4238 odoris.

156 4299 207 4362 R'.
224 4298 377 4365 Dilexisti
389 4299 555 4384 justitiam,
572 4307 604 4362 et
619 4295 713 4362 odisti
728 4293 937 4379 iniquitatem.
