3040 5074
483 543 719 588 sueno-suxou
742 541 875 586 nrrnrn.
1197 531 1257 590 105

144 682 175 729 ho
297 683 415 760 bilvitnisc
487 693 566 733 snotor
640 687 794 734 rvmmodnise
878 686 940 762 hefiq
1014 681 1127 748 poeonius
1148 684 1258 749 hygdigo'

98 767 163 830 pru
185 766 243 810 cns
272 747 436 824 modestia,
467 749 593 833 sapiens
625 749 815 836 benignitas,
851 771 956 836 gravrs
988 701 1114 825 lenitas,
1160 758 1248 814 caste

115 848 225 897 friodom’
278 850 362 913 pvelle
401 851 426 899 in
458 853 576 915 godeslrfv
617 869 634 916 Ἰ
676 854 734 901 noht
777 854 849 902 bvtun
874 852 918 902 ὕοι
967 853 1045 916 gilvfiu
1105 852 1259 915 hergiendlice

98 911 250 990 libcrtss3
265 914 386 978 ferveat
400 914 434 978 in
447 915 587 993 caritate,
611 926 644 981 et
667 917 748 980 nihil
773 928 865 982 extra
886 926 918 981 te
948 917 1068 1001 diligat,
1093 915 1258 980 laudabili-

168 1032 201 1064 aec
233 1018 295 1080 lifigc
350 1021 429 1081 *litte
439 1019 472 1066 sie
482 1020 580 1068 etheredo
613 1037 642 1068 ne
706 1021 808 1084 gigiviga
851 1019 896 1068 lieo
928 1021 1028 1068 onnede
1077 1018 1110 1067 de
1179 1020 1227 1067 lva

99 1087 216 1164 terque
230 1081 315 1146 vivat
344 1091 377 1146 et
425 1083 548 1148 laudari
600 1106 663 1148 non
686 1093 835 1169 appetat3
858 1095 891 1148 tc
917 1083 1035 1160 timeat,
1065 1083 1123 1148 tibi
1152 1104 1258 1148 amore

116 1183 196 1246 gihere
259 1183 294 1233 δι
317 1185 355 1233 hir
404 1185 495 1250 orllvng
521 1185 556 1235 liv
620 1187 681 1250 gisen
770 1187 805 1236 liv
829 1189 855 1235 in
891 1188 1008 1236 turotnise
1072 1187 1149 1234 lroffer
1224 1185 1260 1234 δι

101 1247 231 1324 serviat3
257 1257 295 1313 tn
324 1248 354 1313 ei
384 1201 493 1327 donor,
520 1259 557 1314 tu
580 1251 740 1335 gaudium,
768 1264 803 1316 tu
829 1251 862 1316 in
891 1272 1013 1315 merore
1038 1249 1194 1326 solatium,
1222 1261 1259 1314 tu

100 1352 127 1398 in
208 1352 280 1415 gitvin
441 1353 479 1400 Ιῖιι·
582 1352 617 1402 llv
643 1354 669 1402 in
702 1353 804 1420 praeltlto
844 1352 975 1418 giscildnise
1007 1354 1033 1402 in
1096 1361 1204 1416 costrnge

101 1415 136 1478 in
152 1415 358 1501 ambiguitate
378 1415 554 1492 consilium,
576 1425 613 1502 tu
637 1416 671 1481 in
694 1417 810 1502 injuria
831 1417 982 1494 defensio,
1002 1417 1036 1481 in
1051 1416 1257 1481 tribulatione

145 1517 230 1582 gicyld
286 1520 312 1567 in
344 1517 505 1572 communisse
569 1521 729 1584 ginyhtsinise
785 1523 811 1570 in
842 1520 935 1570 faest‘ue
992 1521 1097 1568 motin
1153 1529 1256 1584 vntrym·

101 1581 266 1666 patientia,
283 1582 316 1646 in
331 1591 519 1669 paupertate
538 1583 763 1663 habundantia,
785 1585 817 1650 in
830 1584 953 1670 jejunio
968 1583 1067 1660 cibus,
1079 1583 1114 1648 in
1127 1583 1258 1647 infirmi-

99 1686 164 1732 nisse
180 1684 274 1735 vtesllr
305 1687 419 1734 lecedome
465 1685 526 1734 terh
549 1685 594 1736 ileo
660 1690 680 1748 lp
765 1689 843 1764 pilvfin
907 1686 942 1735 os’
1023 1687 1069 1735 nlls
1148 1687 1226 1749 giviga

101 1757 169 1812 tate
213 1749 256 1814 sis
290 1749 455 1826 medicina,
472 1771 529 1835 per
558 1759 600 1826 te,
632 1773 727 1836 quem
742 1751 873 1836 diligere
888 1749 1104 1835 superomnia
1123 1749 1256 1835 appetit,

100 1851 219 1900 ltoneiu
262 1854 392 1902 ondetentln
455 1853 548 1916 gihnldu
609 1856 703 1918 pte]
768 1855 832 1902 fiond
897 1853 1001 1902 schnlds
1065 1853 1164 1916 ol'cymc
1239 1867 1255 1916 Ἰ

102 1937 168 2002 quo
190 1925 239 1981 est
260 1917 401 2002 professa
420 1917 587 1994 custodiat,
617 1926 655 1982 ut
677 1927 710 1982 et
735 1917 858 1984 hostem
878 1917 1019 1982 anticum
1041 1915 1195 1992 devincet,
1223 1927 1256 1981 et
1347 1961 1353 1971 ·

135 2018 223 2082 scyldn'
318 2020 416 2068 fvlnisso
481 2020 613 2084 giclaensiga
694 2020 759 2082 citit
840 2021 1001 2084 hvnteuntiges
1051 2023 1150 2068 aesunes'
1189 2021 1240 2083 gefe

103 2081 253 2146 vitiorum
280 2083 443 2168 squalores
467 2093 633 2170 expurget,
650 2094 808 2171 qnatenus
834 2084 998 2150 centesimi
1022 2035 1145 2148 linctus
1169 2083 1252 2149 dono

99 2185 262 2234 hehstnldhnd'
286 2186 514 2252 ftegiplitgegellec
561 2205 651 2252 maegnn
694 2205 727 2238 nc
798 2188 948 2238 &eccillvml
982 2191 1027 2249 pte
1042 2187 1238 2250 fvsiegihrinnd

101 2249 266 2334 virginitas
334 2250 476 2316 decorari
527 2251 744 2340 virtutumque
778 2252 977 2338 lampadibus
1043 2251 1188 2315 exornari

100 2368 117 2416 Ἰ
183 2355 300 2416 gicoreurn
364 2353 434 2404 tima
498 2354 630 2404 hehsteldrn
694 2357 795 2420 gihlyttn
879 2355 923 2404 lton
964 2355 1061 2418 gesende
1125 2355 1241 2418 gicurnign

99 2425 134 2481 et
149 2415 321 2482 electarum
337 2427 464 2483 tuarum
478 2417 635 2503 virginum
658 2419 860 2497 consortium,
884 2429 917 2484 te
936 2419 1084 2496 donante,
1099 2428 1258 2482 mereatur

102 2523 148 2581 pte
158 2522 257 2584 gimoete

122 2583 216 2660 uniri,
261 2607 318 2671 per

425 2793 469 2833 An
492 2793 617 2836 MlssAM
641 2793 746 2837 muts
768 2793 925 2836 vmnlnls.

248 2955 281 3002 sel
352 2953 437 3002 vebid'
535 2955 606 3004 driht'
682 2954 762 3004 diven'
811 2954 864 3002 tin’
996 2955 1016 3013 ᾖ
1110 2953 1225 3002 hehstnld'

146 3019 205 3103 (1.)
230 3018 291 3095 Da,
305 3039 486 3104 quesumus,
497 3017 645 3094 Domine,
657 3017 787 3082 femulae
802 3027 866 3094 tue,
882 3017 939 3093 illi,
956 3037 1050 3101 quum
1066 3015 1255 3100 virginitatis

116 3119 221 3182 orllvnge
273 3121 378 3196 qimeod?
445 3119 489 3170 ινδ
559 3123 657 3186 giplitgu
705 3121 852 3184 onginnendo
879 3127 991 3182 vntynest
1054 3119 1213 3181 giendndvngc

97 3136 219 3247 ironore
255 3183 404 3269 drgnatus
447 3207 481 3249 es
524 3185 682 3262 decorare,
715 3184 832 3249 incocti
880 3181 984 3268 aperis
1032 3192 1252 3246 consummatu

108 3287 246 3349 geli-emnisc
295 3291 382 3351 *jptc
438 3289 539 3337 visloestc
610 3288 643 3337 ile
674 3289 782 3352 gibrcngc
878 3287 964 3350 fylnisc
1087 3285 1158 3333 ffimo
1207 3285 1244 3333 hi·

98 3349 257 3427 effectum,
287 3361 321 3416 et
342 3361 379 3416 ut
400 3352 572 3437 perfectam
599 3352 657 3417 tibi
676 3352 787 3417 offerat
813 3349 1052 3438 plenitudinem,
1079 3348 1170 3415 initia
1195 3370 1254 3414 sua

131 3452 252 3503 terhlaeda
322 3456 423 3518 gieurnin
465 3463 490 3504 to
539 3457 598 3504 ende

97 3517 273 3604 perducere
287 3527 447 3584 mereatur
460 3519 500 3584 nd
514 3519 620 3596 finem,
636 3542 694 3604 per

235 3676 340 3740 gibrohti
390 3676 457 3740 gealt
532 3676 603 3724 driht'
701 3678 789 3725 vebid’
885 3675 1000 3724 ondveard
1049 3672 1128 3721 ltioen'
1175 3670 1253 3720 ltinrae

143 3740 204 3825 (2.)
229 3739 356 3806 Oblatis
366 3739 488 3817 hostiis,
501 3739 649 3818 Domine,
662 3762 843 3826 quesumus,
860 3738 1016 3826 presentis
1027 3736 1155 3800 famulae
1176 3745 1252 3810 tuae,

262 3843 376 3907 pvnvnisc
532 3861 582 3893 eccs
694 3843 809 3891 hehstuld’
895 3841 1023 3904 gifaestnnl
1074 3843 1118 3900 pte
1135 3840 1253 3900 vntyned?

95 3907 192 3985 illius,
204 3907 470 3994 perseverantiam
481 3915 644 3994 perpetuae
653 3904 841 3992 virginitatis
852 3903 1060 3978 accommodo,
1077 3911 1113 3965 ut
1135 3902 1253 3986 apertis

111 4014 170 4062 drr?
238 4010 290 4060 tos
301 4011 376 4060 heiste
418 4011 513 4088 cyniqes
566 4019 689 4074 toeyme
792 4007 843 4056 mit
903 4007 1014 4072 glaednise
1085 4005 1225 4069 vogien-nia

90 4075 200 4160 januis
250 4075 366 4140 summi
421 4095 506 4160 regis
560 4074 730 4141 adventum
776 4093 849 4137 cum
896 4069 1018 4136 laetitia
1062 4090 1238 4134 mereamur
1279 4144 1282 4152 ,

93 4181 225 4256 ΨΜ

93 4253 224 4309 rntrnre.
