2986 5074
262 504 304 564 92
644 519 879 563 anano-saxon
903 517 1035 562 arruns.
1478 505 1479 584 (

430 657 501 706 (ποθ
582 659 627 722 god
693 658 743 722 put'
809 659 875 707 aelces
945 658 996 722 gefe
1064 655 1128 706 saite
1154 653 1280 720 gioliopode
1307 656 1357 719 rsig
1385 656 1411 704 in
1478 663 1479 720 j

309 719 368 804 (6.)
395 719 531 798 Fratres,
555 722 646 786 Deus
666 731 774 786 autern
796 721 897 786 omnis
917 721 1038 806 gratiae,
1070 721 1126 806 qui
1154 721 1278 786 vocavit
1300 741 1358 784 nos
1384 719 1419 782 in
1478 725 1479 770 ἐ

287 841 399 874 eoo....
459 826 497 874 his
579 825 660 888 puldre
691 826 717 874 in
773 827 840 874 criste
867 826 972 874 halando
1036 825 1096 873 lel
1170 823 1298 888 giitropsde
1330 821 1421 870 dailos

194 903 196 907 ’
263 896 415 954 aeternam
436 909 526 954 suam
541 887 673 973 gloriam
687 888 721 970 in
737 889 866 954 Christo
880 889 967 965 Jesu‚
982 910 1015 952 m
1059 889 1142 962 'cum
1180 909 1292 972 passus
1336 886 1407 971 ipse

263 988 478 1054 derhgiendigaJ
544 992 667 1054 gitrymma
733 991 965 1056 *Jgistassolfoestniga
974 991 1037 1040 aem
1087 993 1154 1040 uldor
1195 1006 1212 1054 7
1280 991 1373 1052 onpeld
1478 1029 1479 1044 ,

278 1053 421 1137 perficiet
454 1064 487 1119 et
513 1054 711 1120 confirmabit
739 1056 949 1142 solidabitque
972 1055 1034 1140 ipsi
1049 1007 1182 1140 gioriam
1196 1063 1229 1119 et
1248 1053 1419 1140 imperium
1478 1071 1479 1074 ’

269 1155 295 1202 in
334 1157 431 1218 pornlda
511 1145 595 1220 por’ld'
674 1157 761 1208 soitlioe
851 1155 853 1160 ’

263 1217 297 1281 in
324 1219 431 1282 secula
456 1222 644 1298 seculorum,
661 1224 774 1286 Amen.

435 1354 504 1404 hmt'
543 1352 593 1404 mid
604 1355 641 1419 ty
656 1355 760 1420 Sageene
825 1354 942 1417 synnfvlio
1009 1369 1135 1417 pepoeron
1227 1355 1282 1404 crist
1380 1353 1402 1400 f’

309 1419 368 1500 (7.)
395 1417 531 1496 Fratres,
560 1441 633 1484 cum
659 1421 762 1482 adhuc
791 1427 972 1503 peccatores
999 1439 1149 1494 essemus,
1182 1417 1329 1484 Christus
1357 1439 1419 1502 pro

280 1522 331 1584 vsig
419 1523 478 1570 dead
559 1523 580 1571 is
644 1523 710 1570 miole
783 1537 845 1569 mara
921 1521 954 1568 eft
965 1519 1097 1584 giitrngado
1162 1521 1214 1570 halo
1259 1536 1288 1583 pe
1298 1519 1373 1569 bidon
1394 1522 1419 1568 in

262 1585 354 1648 nobis
377 1595 522 1650 mortuus
542 1595 607 1666 est3
630 1585 732 1650 multo
761 1584 870 1668 magis,
911 1583 1113 1662 reconciliati,
1148 1585 1227 1650 salvi
1252 1585 1369 1650 erimus
1386 1585 1420 1648 in
1478 1655 1479 1676 χ

286 1688 316 1735 lif
371 1686 428 1757 §aas

263 1749 329 1815 vita
350 1749 459 1835 ipsius.

426 1883 494 1934 brott’
559 1886 595 1950 gif
641 1887 686 1948 god
742 1887 775 1934 (ἐ
824 1886 875 1948 vsig
931 1885 977 1933 hra
1031 1883 1075 1947 piis
1144 1899 1172 1934 vs
1237 1884 1304 1933 sede
1341 1883 1398 1948 geo
1478 1865 1479 1878 ἵ

311 1949 369 2033 (8.)
392 1949 528 2025 Fratres,
560 1949 587 2012 si
617 1949 708 2012 Deus
723 1965 780 2032 p'ro
795 1949 895 2024 nobis,
913 1948 984 2033 quis
999 1957 1109 2012 contra
1123 1945 1207 2012 nos?
1243 1949 1298 2034 qui
1322 1949 1421 2014 etiam
1478 2023 1479 2032 ἵ

264 2053 347 2100 bearne
376 2055 433 2114 syni
462 2052 570 2114 syndn'gi
619 2067 648 2098 ns
704 2052 822 2114 gisperede
875 2051 906 2098 ah
946 2050 978 2098 f'e
1027 2051 1078 2112 rsig
1168 2051 1213 2100 alle
1311 2052 1401 2116 gisaide
1478 2061 1479 2072 ¹

273 2115 339 2178 filio
370 2137 427 2180 suo
451 2113 578 2200 proprio
599 2135 663 2178 non
685 2114 837 2200 pepercit,
862 2113 917 2177 sed
932 2136 990 2198 pro
1005 2113 1097 2180 nobis
1120 2115 1266 2179 omnibus
1289 2115 1421 2181 tradidit
1478 2153 1479 2178 r

373 2436 378 2446 ·
434 2413 502 2462 broii'
567 2429 604 2462 me
680 2413 732 2478 put'
759 2414 869 2463 siefearre
887 2417 1121 2480 picpuldrigebrtan
1137 2434 1167 2465 on
1201 2417 1255 2466 rode
1320 2418 1394 2466 driht'
1478 2405 1479 2412 ἵ

312 2481 371 2564 (9.)
397 2479 533 2554 Fratres,
550 2477 627 2541 mihi
650 2487 757 2542 autem
777 2479 860 2542 absit
892 2480 1029 2564 gloriari,
1054 2481 1115 2545 nisi
1137 2481 1170 2544 in
1181 2503 1275 2546 cruce
1286 2482 1422 2546 Domini

298 2582 334 2633 vs’
374 2583 481 2636 ¹haelend
529 2582 583 2629 erist
654 2580 713 2629 iterh
762 2579 825 2629 itone
872 2583 989 2646 middang'
1053 2583 1167 2647 gidropad
1232 2586 1253 2634 is
1302 2601 1318 2649 Ἰ
1383 2587 1407 2635 ic

266 2647 366 2712 nostri
394 2647 472 2712 Jesu
499 2645 628 2722 Christi,
658 2667 716 2730 per
742 2666 836 2731 quem
860 2647 997 2712 mundus
1023 2647 1192 2713 crucifixus
1215 2658 1272 2730 est,
1296 2659 1329 2714 et
1359 2671 1422 2735 ego

266 2749 414 2812 middang'de

267 2814 396 2877 mundo.

701 2990 785 3034 ITEM
807 2991 981 3036 connum.

429 3130 475 3194 god
571 3127 634 3176 allm'
763 3131 808 3196 god
897 3130 921 3178 hi
1031 3129 1076 3178 tin
1139 3132 1253 3182 mildelioe
1301 3137 1407 3187 eftbisih
1478 3173 1479 3186 .

314 3194 373 3281 (1.)
398 3194 489 3258 Deus
504 3191 713 3277 omnipotens,
730 3193 830 3270 Deus,
847 3193 921 3257 fami
936 3193 996 3257 'am
1012 3201 1099 3258 tuam
1115 3197 1271 3281 propitius
1286 3201 1422 3286 respice,

269 3301 314 3360 pte
336 3297 380 3345 dec
424 3297 520 3359 gefende
570 3296 710 3358 siegiriosad
733 3313 763 3344 on
801 3297 898 3344 lichome
956 3295 1179 3360 7techa1dende
1244 3303 1399 3365 siegihaiden

269 3373 314 3438 ut,
341 3370 373 3424 te
394 3360 556 3444 largiente,
572 3368 702 3443 regatur
726 3359 761 3423 in
776 3381 915 3444 corpore,
942 3368 984 3435 et,
1001 3369 1033 3424 te
1049 3372 1202 3439 servante,
1224 3367 1425 3432 custodiatur

165 3469 167 3473 ’
268 3466 294 3512 in
340 3463 412 3511 iiohte
426 3479 436 3490 ·’
477 3461 495 3510 a

269 3529 303 3592 in
317 3535 439 3604 mente3
456 3547 513 3611 per
527 3524 702 3589 Dominum

463 3663 527 3713 ailm'
712 3680 766 3724 ece¹
901 3664 946 3726 god
989 3661 1065 3712 &riis
1089 3665 1206 3714 mennisci
1263 3685 1338 3732 cynric
1387 3679 1414 3720 to

316 3731 374 3815 (2.)
401 3727 621 3814 Omnipotens,
649 3727 840 3813 sempiterne
869 3727 969 3803 Deua,
998 3727 1053 3813 qui
1076 3728 1215 3794 humano
1244 3733 1354 3816 generi
1380 3736 1424 3798 ad

302 3833 436 3898 gilicannei
511 3830 641 3880 etmodnis'
754 3831 816 3878 bisin
955 3830 1047 3878 haelend
1155 3849 1235 3882 vscrne
1297 3819 1409 3886 ‘lichome

269 3897 456 3962 imitandum
481 3894 668 3962 humilitatis
691 3893 881 3978 exemplum,
905 3893 1100 3958 Salvatorem
1125 3906 1267 3961 nostrum
1295 3921 1426 3965 carnem

302 4003 370 4049 onfoa
443 4016 459 4064 7
540 3999 582 4046 rod
679 4012 764 4059 vngaa
835 3998 897 4059 dyde
988 3997 1047 4060 gilef
1140 4001 1262 4050 rimodiice
1312 4007 1357 4064 itte
1391 4021 1426 4054 mo

272 4087 395 4129 sumere
435 4073 468 4128 et
505 4082 631 4126 crucem
670 4060 775 4124 subire
804 4059 917 4134 fecisti,
954 4059 1092 4124 concede
1124 4065 1281 4149 propitius
1316 4077 1353 4132 ut
1392 4081 1427 4135 et

302 4167 411 4230 gioyldes
454 4165 557 4212 darilca
596 4163 672 4211 habba
801 4164 849 4212 lero
955 4179 972 4227 7
1073 4171 1165 4212 aerestes
1285 4171 1372 4234 gilytto

270 4230 433 4317 patientiae
458 4227 558 4312 ipsius
577 4226 695 4290 habere
718 4227 915 4306 documenta,
943 4237 976 4292 et
1001 4229 1240 4296 resurrectionis
1255 4237 1427 4315 consortia,

286 4333 442 4396 pegiearniga
506 4329 523 4376 a

270 4416 463 4470 mereamur3
488 4415 545 4479 per
560 4414 632 4458 eum
