2986 5074
460 561 694 607 suono-saxon
719 557 852 606 arrum.
1192 543 1235 604 33

113 705 133 763 ll
202 703 227 752 in
276 703 326 766 vsig
361 703 521 754 ilaeostorlieo
570 705 656 754 hernia’
705 703 764 754 &eth
894 709 954 752 erest
1056 700 1125 748 &ines
1141 701 1236 750 bearnes

81 766 167 852 quod
195 769 229 830 in
254 768 346 832 nobis
374 769 515 854 paschali
544 767 685 834 misterio
710 791 768 854 per
782 767 1045 834 resurrectionem
1068 764 1116 827 tui
1156 763 1215 827 filii

80 870 203 932 giidladest
251 870 318 919 selle

80 933 230 1009 vacuasti,
262 935 317 1020 qui
347 943 453 998 tecum

633 1135 719 1178 ALIA·

244 1295 289 1358 god
332 1293 408 1342 &vlle
440 1301 465 1342 to
529 1310 568 1342 ecs
673 1295 713 1344 lile
756 1295 781 1346 in
822 1295 902 1345 oriatm
1007 1307 1080 1347 ereata
1177 1299 1228 1361 vsig

128 1357 187 1443 (1.)
211 1359 312 1435 Deus,
343 1357 398 1443 qui
428 1359 468 1422 ad
484 1368 625 1424 eternam
639 1357 735 1423 vitam
750 1359 784 1423 in
800 1359 920 1424 Christi
934 1362 1162 1427 resurreetione
1177 1384 1236 1426 nos

81 1462 115 1509 eft
125 1460 194 1524 nipas
244 1462 311 1524 gilyll
352 1460 475 1509 arfaestn'is
488 1427 576 1510 ly{linea
592 1464 769 1524 vnasaecgendlic
833 1465 995 1527 cloenegiryno
1040 1467 1084 1526 *tlte
1097 1465 1147 1513 mitt
1156 1464 1192 1528 ty
1211 1465 1236 1512 iu

81 1546 219 1610 reparas,
242 1524 328 1609 inple
357 1525 484 1609 pietatis
514 1535 580 1589 tuae
609 1525 767 1590 ineffabile
798 1539 1036 1604 sacramentum,
1050 1537 1086 1592 ut
1108 1550 1180 1592 cum
1202 1527 1237 1590 in

80 1627 255 1691 maegenltryme
282 1628 319 1675 his
374 1627 465 1676 haelend
513 1645 594 1676 vserne
669 1627 789 1692 tocymeil
865 1628 899 1677 aa
957 1632 1042 1692 dydest
1116 1631 1218 1694 fplpihte

80 1694 246 1776 majestate
269 1713 327 1754 sua
347 1690 482 1756 salvator
505 1701 612 1756 noster
638 1691 810 1768 advenerit,
838 1714 917 1776 quos
943 1693 1046 1757 fecisti
1077 1694 1236 1778 baptismo

80 1795 171 1856 §teeti
182 1795 428 1860 perelsieaoennedo
481 1795 535 1858 gido
548 1794 581 1843 liv
622 1793 715 1856 eadign'
748 1795 956 1858 vnapoemmedtier
1006 1795 1142 1856 tltehiosio
1201 1793 1219 1841 a

162 1857 349 1943 regenerari,
484 1857 580 1923 lanias
615 1858 710 1922 beata
738 1856 963 1924 inmortalitate
1015 1858 1132 1934 vestiri,
1177 1879 1235 1944 per

80 2045 157 2088 eum

231 2173 276 2236 god
324 2174 436 2224 menniao’
475 2191 563 2238 cynnes
615 2176 713 2238 aoepend
753 2189 770 2238 Ἰ
835 2176 914 2224 lesend
996 2178 1029 2224 sel
1099 2193 1126 2224 ve
1136 2173 1186 2224 bid'

128 2238 188 2325 (Q.)
202 2238 302 2314 Deus,
314 2238 445 2303 humani
455 2239 580 2324 generis
592 2239 735 2304 eonditor
746 2249 780 2303 et
788 2239 977 2326 redemptor,
989 2240 1041 2318 da,
1052 2259 1234 2325 quesumus,

80 2345 126 2404 lite
208 2339 300 2389 eftbot'
411 2358 463 2390 vaes
510 2343 642 2405 gisomnado
701 2342 772 2390 fvltio
837 2341 881 2390 lieo
906 2344 1019 2406 symlinga
1067 2343 1211 2405 oublapende

96 2415 133 2469 ut
148 2403 355 2490 reparationis
384 2415 501 2514 uostrp'
523 2405 638 2470 collata
666 2404 814 2480 subsidia,
845 2414 878 2470 te
903 2405 1024 2492 jugiter
1052 2405 1235 2490 inspirante,

96 2510 227 2574 sisvlsvra

81 2583 250 2650 sectemur,
266 2593 323 2658 per
338 2592 411 2636 eum

570 2772 654 2816 ITEM
672 2773 758 2816 ALIA.

245 2941 290 3005 god
344 2939 421 2988 avae
454 2937 573 2988 eftackndi
613 2937 673 2987 llerh
723 2946 795 3002 patre
845 2953 861 3000 Ἰ
946 2943 997 3012 past
1111 2937 1202 3000 haligne

127 3005 188 3093 (1.)
213 3007 313 3081 Deus,
355 3003 410 3089 qui
452 3001 570 3068 renatis
614 3023 672 3086 per
700 3022 815 3088 aquam
839 3010 872 3064 et
901 3000 1054 3084 Spuitum
1082 3000 1234 3065 Sanctum

81 3113 218 3162 heofon...
266 3108 324 3156 rices
375 3108 480 3169 todeapas
554 3105 670 3168 inngeong
756 3105 807 3167 gilio
894 3101 932 3150 ol'
1022 3101 1110 3165 {Segusa
1177 3103 1235 3152 tius

81 3173 222 3242 coelestis
250 3169 340 3257 regni
369 3168 482 3256 pandis
521 3165 695 3244 introitum,
737 3188 819 3250 auge
859 3186 955 3249 super
993 3165 1127 3230 famulos
1162 3177 1253 3247 tuos

130 3277 182 3342 gefe
271 3277 292 3336 ᾗ
364 3273 473 3336 gisaldest
501 3273 546 3332 'pte
555 3269 628 3320 &alle
641 3270 680 3318 fro
745 3269 790 3317 alls
860 3284 916 3316 aron
931 3267 1088 3330 gidaense...
1132 3271 1207 3331 syrmi

80 3341 217 3428 gratiam
233 3359 328 3424 quam
352 3335 477 3412 dedisti,
501 3343 537 3400 ut
563 3333 618 3420 qui
636 3335 675 3398 ab
688 3331 833 3396 omnibus
848 3339 924 3396 sunt
943 3331 1070 3416 purgati
1085 3331 1233 3417 peccatis,

80 3447 117 3494 aa
142 3445 226 3506 nangr
257 3439 410 3490 sieniualeuo
481 3437 560 3500 gilas
604 3496 608 3504 ,
640 3434 659 3483 a

95 3532 116 3574 a
137 3507 239 3572 nullis
249 3505 414 3594 priventur
432 3497 603 3586 promissis,
619 3520 677 3585 per
692 3498 733 3562 D’

256 3659 343 3721 gileage
430 3651 503 3702 ‹lriht'
566 3653 611 3700 folo
668 3651 775 3714 gileaffvll
815 3649 898 3714 *lmill
906 3649 942 3714 ty
966 3653 1086 3714 syndrigen
1116 3650 1235 3700 estmonall

127 3723 188 3810 (⁶2.)
213 3721 370 3796 Gaudeat,
387 3717 534 3792 Domine,
551 3716 642 3801 plebs
667 3713 778 3792 fidelis,
803 3725 933 3780 etcum
961 3713 1089 3824 proprip
1124 3715 1236 3779 recolit

146 3826 217 3876 halo'
313 3825 386 3872 frvmo
450 3821 488 3870 hia
528 3819 708 3883 siefepoended
783 3832 846 3865 ecvm
957 3816 976 3864 a

81 3888 264 3958 salvationis
279 3886 417 3964 exordia,
433 3885 502 3972 ejus
517 3891 720 3969 promovetur
734 3877 921 3965 augmentis,
938 3901 996 3964 per

245 4043 277 4090 do
388 4035 453 4090 nllm'
581 4035 626 4100 god
675 4037 719 4096 tlte
746 4030 819 4080 &alie
870 4029 1011 4106 eastorliqvm
1079 4027 1219 4106 leoedomppr

128 4108 188 4194 (3.)
223 4106 297 4182 Fae,
322 4103 522 4189 omnipotens
548 4101 649 4175 Deus,
679 4105 717 4162 ut
757 4094 813 4180 qui
838 4092 1039 4179 pasehahbus
1073 4093 1221 4158 remedns

82 4211 219 4289 glinnipsdo
309 4207 430 4283 onlicnisse
506 4203 645 4278 eardcvudea
694 4199 784 4274 aldores
847 4195 1005 4273 pepiileadou
1053 4203 1079 4246 to
1140 4197 1216 4276 bisina

81 4273 223 4340 innovati
253 4270 491 4338 similitudmem
520 4276 638 4331 terrenr
663 4270 803 4349 parentis
838 4281 1004 4337 evasrmus,
1044 4261 1085 4326 ad
1104 4259 1237 4326 formam

82 4377 221 4427 heofonlioes
253 4376 284 4424 of
296 4373 449 4440 pesiebroht
481 4371 602 4434 suspendes
649 4365 668 4415 a

83 4441 222 4508 eoelestis
238 4439 464 4504 transferamur
478 4432 624 4508 auctoris,
640 4452 698 4520 per
712 4427 886 4494 Dominum

1090 4557 1109 4599 F
