<?xml version="1.0" encoding="UTF-8"?>
<!DOCTYPE html PUBLIC "-//W3C//DTD XHTML 1.0 Transitional//EN"
    "http://www.w3.org/TR/xhtml1/DTD/xhtml1-transitional.dtd">
<html xmlns="http://www.w3.org/1999/xhtml" xml:lang="en" lang="en">
 <head>
  <title>
</title>
<meta http-equiv="Content-Type" content="text/html;charset=utf-8" />
  <meta name='ocr-system' content='tesseract 3.04.00' />
  <meta name='ocr-capabilities' content='ocr_page ocr_carea ocr_par ocr_line ocrx_word'/>
</head>
<body>
  <div class='ocr_page' id='page_1' title='image "./ritualeecclesid00churgoog_0121.png"; bbox 0 0 3040 5074; ppageno 0'>
   <div class='ocr_carea' id='block_1_1' title="bbox 207 491 1091 577">
    <p class='ocr_par' dir='ltr' id='par_1_1' title="bbox 207 491 1091 577">
     <span class='ocr_line' id='line_1_1' title="bbox 207 491 1091 577; baseline 0 -17"><span class='ocrx_word' id='word_1_1' title='bbox 207 532 232 577; x_wconf 57' lang='grc' dir='ltr'>χ</span> <span class='ocrx_word' id='word_1_2' title='bbox 264 501 327 560; x_wconf 85' lang='grc'>100</span> <span class='ocrx_word' id='word_1_3' title='bbox 642 517 876 562; x_wconf 69' lang='lat' dir='ltr'>suono-siros</span> <span class='ocrx_word' id='word_1_4' title='bbox 899 515 1035 561; x_wconf 73' lang='lat' dir='ltr'>arruns.</span> <span class='ocrx_word' id='word_1_5' title='bbox 1073 491 1091 500; x_wconf 80' lang='grc'><strong>”</strong></span> 
     </span>
    </p>
   </div>
   <div class='ocr_carea' id='block_1_2' title="bbox 260 651 1421 805">
    <p class='ocr_par' dir='ltr' id='par_1_2' title="bbox 260 651 1421 805">
     <span class='ocr_line' id='line_1_2' title="bbox 303 651 1421 720; baseline -0.006 -14"><span class='ocrx_word' id='word_1_6' title='bbox 303 657 396 720; x_wconf 82' lang='lat' dir='ltr'>byende</span> <span class='ocrx_word' id='word_1_7' title='bbox 479 657 505 705; x_wconf 94' lang='lat' dir='ltr'>in</span> <span class='ocrx_word' id='word_1_8' title='bbox 537 655 589 706; x_wconf 67' lang='lat' dir='ltr'>brar</span> <span class='ocrx_word' id='word_1_9' title='bbox 630 657 680 720; x_wconf 76' lang='lat' dir='ltr'>gefe</span> <span class='ocrx_word' id='word_1_10' title='bbox 746 657 823 706; x_wconf 69' lang='lat' dir='ltr'>binrae</span> <span class='ocrx_word' id='word_1_11' title='bbox 849 655 982 719; x_wconf 73' lang='lat' dir='ltr'>moniglald&#39;</span> <span class='ocrx_word' id='word_1_12' title='bbox 1038 653 1164 716; x_wconf 80' lang='lat' dir='ltr'>bloedsvng</span> <span class='ocrx_word' id='word_1_13' title='bbox 1238 654 1284 713; x_wconf 68' lang='lat' dir='ltr'>‘fite</span> <span class='ocrx_word' id='word_1_14' title='bbox 1328 651 1421 700; x_wconf 69' lang='lat' dir='ltr'>bissvm</span> 
     </span>
     <span class='ocr_line' id='line_1_3' title="bbox 260 715 1402 805; baseline -0.005 -21"><span class='ocrx_word' id='word_1_15' title='bbox 260 721 439 786; x_wconf 69' lang='lat' dir='ltr'><strong>habitantes</strong></span> <span class='ocrx_word' id='word_1_16' title='bbox 476 717 510 784; x_wconf 91' lang='lat' dir='ltr'>in</span> <span class='ocrx_word' id='word_1_17' title='bbox 543 741 582 784; x_wconf 90' lang='lat' dir='ltr'>ea</span> <span class='ocrx_word' id='word_1_18' title='bbox 614 719 715 805; x_wconf 86' lang='lat' dir='ltr'>gratia</span> <span class='ocrx_word' id='word_1_19' title='bbox 757 729 813 784; x_wconf 89' lang='lat' dir='ltr'>tue</span> <span class='ocrx_word' id='word_1_20' title='bbox 874 719 964 803; x_wconf 84' lang='lat' dir='ltr'>larga</span> <span class='ocrx_word' id='word_1_21' title='bbox 1014 715 1204 793; x_wconf 83' lang='lat' dir='ltr'><strong>benedictio,</strong></span> <span class='ocrx_word' id='word_1_22' title='bbox 1245 725 1282 779; x_wconf 91' lang='lat' dir='ltr'>ut</span> <span class='ocrx_word' id='word_1_23' title='bbox 1349 715 1402 778; x_wconf 93' lang='lat' dir='ltr'>his</span> 
     </span>
    </p>
   </div>
   <div class='ocr_carea' id='block_1_3' title="bbox 260 818 1422 969">
    <p class='ocr_par' dir='ltr' id='par_1_3' title="bbox 260 818 1422 969">
     <span class='ocr_line' id='line_1_4' title="bbox 260 818 1390 887; baseline -0.006 -15"><span class='ocrx_word' id='word_1_24' title='bbox 260 824 438 887; x_wconf 67' lang='lat' dir='ltr'>hondgirosroi</span> <span class='ocrx_word' id='word_1_25' title='bbox 492 822 543 872; x_wconf 72' lang='lat' dir='ltr'>mit</span> <span class='ocrx_word' id='word_1_26' title='bbox 617 823 743 872; x_wconf 81' lang='lat' dir='ltr'>halvoende</span> <span class='ocrx_word' id='word_1_27' title='bbox 831 822 987 886; x_wconf 74' lang='lat' dir='ltr'>pvnigendrm</span> <span class='ocrx_word' id='word_1_28' title='bbox 1051 819 1114 870; x_wconf 69' lang='lat' dir='ltr'>Saem</span> <span class='ocrx_word' id='word_1_29' title='bbox 1154 820 1252 882; x_wconf 78' lang='lat' dir='ltr'>soilding</span> <span class='ocrx_word' id='word_1_30' title='bbox 1312 818 1390 880; x_wconf 83' lang='lat' dir='ltr'>symle</span> 
     </span>
     <span class='ocr_line' id='line_1_5' title="bbox 262 883 1422 969; baseline -0.005 -19"><span class='ocrx_word' id='word_1_31' title='bbox 262 887 449 952; x_wconf 76' lang='lat' dir='ltr'><strong>manufactis</strong></span> <span class='ocrx_word' id='word_1_32' title='bbox 486 908 559 952; x_wconf 81' lang='lat' dir='ltr'>cum</span> <span class='ocrx_word' id='word_1_33' title='bbox 592 886 778 952; x_wconf 81' lang='lat' dir='ltr'>salubritate</span> <span class='ocrx_word' id='word_1_34' title='bbox 813 885 1024 961; x_wconf 85' lang='lat' dir='ltr'>manantibus,</span> <span class='ocrx_word' id='word_1_35' title='bbox 1060 883 1124 969; x_wconf 88' lang='lat' dir='ltr'>ipsi</span> <span class='ocrx_word' id='word_1_36' title='bbox 1147 891 1254 948; x_wconf 91' lang='lat' dir='ltr'>tutum</span> <span class='ocrx_word' id='word_1_37' title='bbox 1292 902 1422 966; x_wconf 84' lang='lat' dir='ltr'><strong>semper</strong></span> 
     </span>
    </p>
   </div>
   <div class='ocr_carea' id='block_1_4' title="bbox 280 990 508 1054">
    <p class='ocr_par' dir='ltr' id='par_1_4' title="bbox 280 990 508 1054">
     <span class='ocr_line' id='line_1_6' title="bbox 280 990 508 1054; baseline 0.004 -17"><span class='ocrx_word' id='word_1_38' title='bbox 280 991 313 1038; x_wconf 77' lang='lat' dir='ltr'>sie</span> <span class='ocrx_word' id='word_1_39' title='bbox 394 990 508 1054; x_wconf 79' lang='lat' dir='ltr'>prnrniso</span> 
     </span>
    </p>
   </div>
   <div class='ocr_carea' id='block_1_5' title="bbox 263 1052 651 1140">
    <p class='ocr_par' dir='ltr' id='par_1_5' title="bbox 263 1052 651 1140">
     <span class='ocr_line' id='line_1_7' title="bbox 263 1052 651 1140; baseline 0.003 -24"><span class='ocrx_word' id='word_1_40' title='bbox 263 1052 328 1117; x_wconf 89' lang='lat' dir='ltr'>sint</span> <span class='ocrx_word' id='word_1_41' title='bbox 347 1053 571 1130; x_wconf 87' lang='lat' dir='ltr'>habitaculum,</span> <span class='ocrx_word' id='word_1_42' title='bbox 592 1075 651 1140; x_wconf 88' lang='lat' dir='ltr'>per</span> 
     </span>
    </p>
   </div>
   <div class='ocr_carea' id='block_1_6' title="bbox 264 1183 1426 1662">
    <p class='ocr_par' dir='ltr' id='par_1_6' title="bbox 423 1183 1424 1251">
     <span class='ocr_line' id='line_1_8' title="bbox 423 1183 1424 1251; baseline -0.006 -15"><span class='ocrx_word' id='word_1_43' title='bbox 423 1188 512 1236; x_wconf 82' lang='lat' dir='ltr'>bloetsa</span> <span class='ocrx_word' id='word_1_44' title='bbox 607 1188 679 1237; x_wconf 82' lang='lat' dir='ltr'>driht&#39;</span> <span class='ocrx_word' id='word_1_45' title='bbox 774 1188 820 1251; x_wconf 79' lang='lat' dir='ltr'>god</span> <span class='ocrx_word' id='word_1_46' title='bbox 915 1187 978 1237; x_wconf 82' lang='lat' dir='ltr'>allm&#39;</span> <span class='ocrx_word' id='word_1_47' title='bbox 1122 1193 1187 1234; x_wconf 81' lang='lat' dir='ltr'>storo</span> <span class='ocrx_word' id='word_1_48' title='bbox 1262 1183 1325 1232; x_wconf 73' lang='lat' dir='ltr'>ilios&#39;</span> <span class='ocrx_word' id='word_1_49' title='bbox 1378 1183 1424 1244; x_wconf 61' lang='lat' dir='ltr'>pto</span> 
     </span>
    </p>

    <p class='ocr_par' dir='ltr' id='par_1_7' title="bbox 264 1247 1426 1662">
     <span class='ocr_line' id='line_1_9' title="bbox 309 1247 1425 1337; baseline -0.004 -23"><span class='ocrx_word' id='word_1_50' title='bbox 309 1251 369 1336; x_wconf 74' lang='grc'><strong>(2.)</strong></span> <span class='ocrx_word' id='word_1_51' title='bbox 394 1250 543 1328; x_wconf 87' lang='lat' dir='ltr'>Benedio,</span> <span class='ocrx_word' id='word_1_52' title='bbox 574 1251 713 1315; x_wconf 89' lang='lat' dir='ltr'>Domine</span> <span class='ocrx_word' id='word_1_53' title='bbox 742 1250 834 1316; x_wconf 89' lang='lat' dir='ltr'>Deus</span> <span class='ocrx_word' id='word_1_54' title='bbox 858 1251 1066 1337; x_wconf 87' lang='lat' dir='ltr'>omnipotens,</span> <span class='ocrx_word' id='word_1_55' title='bbox 1097 1249 1203 1314; x_wconf 88' lang='lat' dir='ltr'>locum</span> <span class='ocrx_word' id='word_1_56' title='bbox 1239 1247 1346 1324; x_wconf 87' lang='lat' dir='ltr'>istum,</span> <span class='ocrx_word' id='word_1_57' title='bbox 1387 1255 1425 1310; x_wconf 88' lang='lat' dir='ltr'>ut</span> 
     </span>
     <span class='ocr_line' id='line_1_10' title="bbox 264 1352 1415 1418; baseline 0 -18"><span class='ocrx_word' id='word_1_58' title='bbox 264 1352 298 1400; x_wconf 85' lang='lat' dir='ltr'>sie</span> <span class='ocrx_word' id='word_1_59' title='bbox 373 1369 401 1402; x_wconf 80' lang='lat' dir='ltr'>ve</span> <span class='ocrx_word' id='word_1_60' title='bbox 475 1354 501 1402; x_wconf 91' lang='lat' dir='ltr'>in</span> <span class='ocrx_word' id='word_1_61' title='bbox 534 1353 597 1403; x_wconf 74' lang='lat' dir='ltr'>liesm</span> <span class='ocrx_word' id='word_1_62' title='bbox 651 1355 711 1404; x_wconf 81' lang='lat' dir='ltr'>haelo</span> <span class='ocrx_word' id='word_1_63' title='bbox 780 1370 796 1418; x_wconf 78' lang='lat'><em>7</em></span> <span class='ocrx_word' id='word_1_64' title='bbox 852 1355 966 1404; x_wconf 75' lang='lat' dir='ltr'>olmn&#39;sel</span> <span class='ocrx_word' id='word_1_65' title='bbox 1013 1369 1102 1416; x_wconf 79' lang='lat' dir='ltr'>maegen</span> <span class='ocrx_word' id='word_1_66' title='bbox 1162 1367 1179 1417; x_wconf 69' lang='grc' dir='ltr'>Ἰ</span> <span class='ocrx_word' id='word_1_67' title='bbox 1261 1352 1296 1414; x_wconf 81' lang='lat' dir='ltr'>sig</span> <span class='ocrx_word' id='word_1_68' title='bbox 1399 1363 1415 1412; x_wconf 77' lang='lat'>¹1</span> 
     </span>
     <span class='ocr_line' id='line_1_11' title="bbox 265 1414 1426 1494; baseline -0.003 -15"><span class='ocrx_word' id='word_1_69' title='bbox 265 1414 307 1480; x_wconf 88' lang='lat' dir='ltr'>sit</span> <span class='ocrx_word' id='word_1_70' title='bbox 342 1415 434 1480; x_wconf 90' lang='lat' dir='ltr'>nobis</span> <span class='ocrx_word' id='word_1_71' title='bbox 472 1416 506 1481; x_wconf 89' lang='lat' dir='ltr'>in</span> <span class='ocrx_word' id='word_1_72' title='bbox 545 1439 584 1482; x_wconf 89' lang='lat' dir='ltr'>eo</span> <span class='ocrx_word' id='word_1_73' title='bbox 621 1418 738 1482; x_wconf 80' lang='lat' dir='ltr'>sanitas</span> <span class='ocrx_word' id='word_1_74' title='bbox 772 1427 806 1484; x_wconf 90' lang='lat' dir='ltr'>et</span> <span class='ocrx_word' id='word_1_75' title='bbox 837 1418 975 1494; x_wconf 82' lang='lat' dir='ltr'>castitas,</span> <span class='ocrx_word' id='word_1_76' title='bbox 1007 1417 1115 1494; x_wconf 87' lang='lat' dir='ltr'>virtus,</span> <span class='ocrx_word' id='word_1_77' title='bbox 1153 1425 1187 1480; x_wconf 90' lang='lat' dir='ltr'>et</span> <span class='ocrx_word' id='word_1_78' title='bbox 1218 1414 1360 1488; x_wconf 85' lang='lat' dir='ltr'>victoria,</span> <span class='ocrx_word' id='word_1_79' title='bbox 1393 1421 1426 1476; x_wconf 89' lang='lat' dir='ltr'>et</span> 
     </span>
     <span class='ocr_line' id='line_1_12' title="bbox 308 1517 1416 1594; baseline 0 -28"><span class='ocrx_word' id='word_1_80' title='bbox 308 1517 432 1594; x_wconf 71' lang='lat' dir='ltr'>halipdom&#39;</span> <span class='ocrx_word' id='word_1_81' title='bbox 533 1534 551 1584; x_wconf 67' lang='grc' dir='ltr'>Ἰ</span> <span class='ocrx_word' id='word_1_82' title='bbox 616 1521 748 1570; x_wconf 65' lang='lat' dir='ltr'>edmodnis&#39;</span> <span class='ocrx_word' id='word_1_83' title='bbox 823 1533 840 1585; x_wconf 65' lang='grc' dir='ltr'>Ἰ</span> <span class='ocrx_word' id='word_1_84' title='bbox 904 1521 1011 1584; x_wconf 79' lang='lat' dir='ltr'>godecipa</span> <span class='ocrx_word' id='word_1_85' title='bbox 1068 1535 1084 1584; x_wconf 78' lang='lat'>7</span> <span class='ocrx_word' id='word_1_86' title='bbox 1166 1519 1296 1568; x_wconf 81' lang='lat' dir='ltr'>bilritnisse</span> <span class='ocrx_word' id='word_1_87' title='bbox 1400 1530 1416 1578; x_wconf 69' lang='grc' dir='ltr'>Ἰ</span> 
     </span>
     <span class='ocr_line' id='line_1_13' title="bbox 265 1579 1426 1662; baseline -0.002 -17"><span class='ocrx_word' id='word_1_88' title='bbox 265 1581 480 1659; x_wconf 75' lang='lat' dir='ltr'>sanctimonia,</span> <span class='ocrx_word' id='word_1_89' title='bbox 525 1594 559 1648; x_wconf 88' lang='lat' dir='ltr'>et</span> <span class='ocrx_word' id='word_1_90' title='bbox 597 1583 768 1662; x_wconf 83' lang='lat' dir='ltr'>humilitas,</span> <span class='ocrx_word' id='word_1_91' title='bbox 814 1594 847 1649; x_wconf 89' lang='lat' dir='ltr'>et</span> <span class='ocrx_word' id='word_1_92' title='bbox 886 1585 1020 1661; x_wconf 87' lang='lat' dir='ltr'>bonitas,</span> <span class='ocrx_word' id='word_1_93' title='bbox 1057 1594 1090 1649; x_wconf 90' lang='lat' dir='ltr'>et</span> <span class='ocrx_word' id='word_1_94' title='bbox 1125 1579 1345 1656; x_wconf 90' lang='lat' dir='ltr'>mansuetudo,</span> <span class='ocrx_word' id='word_1_95' title='bbox 1392 1589 1426 1644; x_wconf 88' lang='lat' dir='ltr'>et</span> 
     </span>
    </p>
   </div>
   <div class='ocr_carea' id='block_1_7' title="bbox 265 1683 1415 1751">
    <p class='ocr_par' dir='ltr' id='par_1_8' title="bbox 265 1683 1415 1751">
     <span class='ocr_line' id='line_1_14' title="bbox 265 1683 1415 1751; baseline -0.002 -20"><span class='ocrx_word' id='word_1_96' title='bbox 265 1683 438 1748; x_wconf 65' lang='lat' dir='ltr'>maduisse]</span> <span class='ocrx_word' id='word_1_97' title='bbox 503 1687 609 1750; x_wconf 82' lang='lat' dir='ltr'>fyllnisse</span> <span class='ocrx_word' id='word_1_98' title='bbox 680 1705 720 1736; x_wconf 82' lang='lat' dir='ltr'>aas</span> <span class='ocrx_word' id='word_1_99' title='bbox 785 1701 802 1751; x_wconf 67' lang='grc' dir='ltr'>Ἰ</span> <span class='ocrx_word' id='word_1_100' title='bbox 856 1687 1009 1743; x_wconf 76' lang='lat' dir='ltr'>hersrmniase</span> <span class='ocrx_word' id='word_1_101' title='bbox 1097 1703 1110 1734; x_wconf 89' lang='lat' dir='ltr'>e</span> <span class='ocrx_word' id='word_1_102' title='bbox 1158 1686 1230 1735; x_wconf 79' lang='lat' dir='ltr'>laedor</span> <span class='ocrx_word' id='word_1_103' title='bbox 1283 1697 1301 1747; x_wconf 77' lang='lat'><em>7</em></span> <span class='ocrx_word' id='word_1_104' title='bbox 1352 1697 1415 1730; x_wconf 80' lang='lat' dir='ltr'>svnr</span> 
     </span>
    </p>
   </div>
   <div class='ocr_carea' id='block_1_8' title="bbox 264 1745 1427 2002">
    <p class='ocr_par' dir='ltr' id='par_1_9' title="bbox 264 1745 1427 2002">
     <span class='ocr_line' id='line_1_15' title="bbox 264 1745 1425 1836; baseline -0.002 -26"><span class='ocrx_word' id='word_1_105' title='bbox 264 1745 388 1824; x_wconf 84' lang='lat' dir='ltr'>lenitas,</span> <span class='ocrx_word' id='word_1_106' title='bbox 416 1757 449 1813; x_wconf 90' lang='lat' dir='ltr'>et</span> <span class='ocrx_word' id='word_1_107' title='bbox 474 1749 639 1834; x_wconf 90' lang='lat' dir='ltr'>plenitudo</span> <span class='ocrx_word' id='word_1_108' title='bbox 664 1751 754 1836; x_wconf 82' lang='lat' dir='ltr'>legis,</span> <span class='ocrx_word' id='word_1_109' title='bbox 782 1760 816 1816; x_wconf 94' lang='lat' dir='ltr'>et</span> <span class='ocrx_word' id='word_1_110' title='bbox 844 1750 1025 1816; x_wconf 86' lang='lat' dir='ltr'>obedientia</span> <span class='ocrx_word' id='word_1_111' title='bbox 1084 1771 1122 1814; x_wconf 88' lang='lat' dir='ltr'>eo</span> <span class='ocrx_word' id='word_1_112' title='bbox 1153 1747 1242 1813; x_wconf 90' lang='lat' dir='ltr'>Patri</span> <span class='ocrx_word' id='word_1_113' title='bbox 1272 1756 1306 1811; x_wconf 90' lang='lat' dir='ltr'>et</span> <span class='ocrx_word' id='word_1_114' title='bbox 1336 1745 1425 1809; x_wconf 92' lang='lat' dir='ltr'>Filio</span> 
     </span>
     <span class='ocr_line' id='line_1_16' title="bbox 272 1847 1427 1917; baseline -0.005 -16"><span class='ocrx_word' id='word_1_115' title='bbox 272 1864 289 1912; x_wconf 71' lang='grc' dir='ltr'>Ἰ</span> <span class='ocrx_word' id='word_1_116' title='bbox 363 1859 427 1913; x_wconf 77' lang='lat' dir='ltr'>gasts</span> <span class='ocrx_word' id='word_1_117' title='bbox 492 1851 551 1901; x_wconf 67' lang='lat' dir='ltr'>tin?</span> <span class='ocrx_word' id='word_1_118' title='bbox 598 1853 666 1917; x_wconf 69' lang='lat' dir='ltr'>halgr‘</span> <span class='ocrx_word' id='word_1_119' title='bbox 747 1853 793 1902; x_wconf 72' lang='lat' dir='ltr'>bas</span> <span class='ocrx_word' id='word_1_120' title='bbox 857 1854 930 1917; x_wconf 77' lang='lat' dir='ltr'>spmle</span> <span class='ocrx_word' id='word_1_121' title='bbox 1021 1854 1148 1915; x_wconf 79' lang='lat' dir='ltr'>bloedsrng</span> <span class='ocrx_word' id='word_1_122' title='bbox 1238 1851 1274 1898; x_wconf 84' lang='lat' dir='ltr'>ol&#39;</span> <span class='ocrx_word' id='word_1_123' title='bbox 1338 1847 1427 1896; x_wconf 67' lang='lat' dir='ltr'>sione</span> 
     </span>
     <span class='ocr_line' id='line_1_17' title="bbox 265 1911 1427 2002; baseline -0.003 -25"><span class='ocrx_word' id='word_1_124' title='bbox 265 1923 299 1977; x_wconf 93' lang='lat' dir='ltr'>et</span> <span class='ocrx_word' id='word_1_125' title='bbox 330 1913 463 1999; x_wconf 89' lang='lat' dir='ltr'>Spiritui</span> <span class='ocrx_word' id='word_1_126' title='bbox 493 1925 549 1981; x_wconf 89' lang='lat' dir='ltr'>tuo</span> <span class='ocrx_word' id='word_1_127' title='bbox 580 1917 714 1982; x_wconf 87' lang='lat' dir='ltr'>Sancto:</span> <span class='ocrx_word' id='word_1_128' title='bbox 743 1916 805 1982; x_wconf 84' lang='lat' dir='ltr'>heo</span> <span class='ocrx_word' id='word_1_129' title='bbox 839 1939 964 2002; x_wconf 84' lang='lat' dir='ltr'>semper</span> <span class='ocrx_word' id='word_1_130' title='bbox 997 1915 1177 1982; x_wconf 86' lang='lat' dir='ltr'>benedictio</span> <span class='ocrx_word' id='word_1_131' title='bbox 1211 1935 1308 2000; x_wconf 84' lang='lat' dir='ltr'>super</span> <span class='ocrx_word' id='word_1_132' title='bbox 1335 1911 1427 1975; x_wconf 88' lang='lat' dir='ltr'>hune</span> 
     </span>
    </p>
   </div>
   <div class='ocr_carea' id='block_1_9' title="bbox 265 1986 1248 2168">
    <p class='ocr_par' dir='ltr' id='par_1_10' title="bbox 265 1986 1248 2168">
     <span class='ocr_line' id='line_1_18' title="bbox 281 1986 965 2082; baseline 0.006 -18"><span class='ocrx_word' id='word_1_133' title='bbox 281 2024 346 2065; x_wconf 74' lang='lat' dir='ltr'>storo</span> <span class='ocrx_word' id='word_1_134' title='bbox 389 2031 408 2080; x_wconf 61' lang='grc' dir='ltr'>γ</span> <span class='ocrx_word' id='word_1_135' title='bbox 456 2019 490 2066; x_wconf 81' lang='lat' dir='ltr'>ol&#39;</span> <span class='ocrx_word' id='word_1_136' title='bbox 569 2020 614 2068; x_wconf 84' lang='lat' dir='ltr'>allo</span> <span class='ocrx_word' id='word_1_137' title='bbox 694 1986 787 2082; x_wconf 78' lang='lat' dir='ltr'>byendb</span> <span class='ocrx_word' id='word_1_138' title='bbox 862 2021 887 2068; x_wconf 92' lang='lat' dir='ltr'>in</span> <span class='ocrx_word' id='word_1_139' title='bbox 902 2019 965 2068; x_wconf 69' lang='lat' dir='ltr'>baem</span> 
     </span>
     <span class='ocr_line' id='line_1_19' title="bbox 265 2079 1248 2168; baseline 0 -25"><span class='ocrx_word' id='word_1_140' title='bbox 265 2079 371 2143; x_wconf 82' lang='lat' dir='ltr'>locum</span> <span class='ocrx_word' id='word_1_141' title='bbox 386 2090 419 2145; x_wconf 89' lang='lat' dir='ltr'>et</span> <span class='ocrx_word' id='word_1_142' title='bbox 433 2103 529 2167; x_wconf 87' lang='lat' dir='ltr'>super</span> <span class='ocrx_word' id='word_1_143' title='bbox 543 2105 652 2148; x_wconf 91' lang='lat' dir='ltr'>omnes</span> <span class='ocrx_word' id='word_1_144' title='bbox 666 2083 846 2150; x_wconf 89' lang='lat' dir='ltr'>habitantes</span> <span class='ocrx_word' id='word_1_145' title='bbox 860 2082 894 2146; x_wconf 94' lang='lat' dir='ltr'>in</span> <span class='ocrx_word' id='word_1_146' title='bbox 918 2105 956 2148; x_wconf 89' lang='lat' dir='ltr'>eo</span> <span class='ocrx_word' id='word_1_147' title='bbox 982 2091 1174 2168; x_wconf 84' lang='lat' dir='ltr'>permaneat,</span> <span class='ocrx_word' id='word_1_148' title='bbox 1191 2101 1248 2166; x_wconf 84' lang='lat' dir='ltr'>par</span> 
     </span>
    </p>
   </div>
   <div class='ocr_carea' id='block_1_10' title="bbox 337 2283 1350 2335">
    <p class='ocr_par' dir='ltr' id='par_1_11' title="bbox 337 2283 1350 2335">
     <span class='ocr_line' id='line_1_20' title="bbox 337 2283 1350 2335; baseline 0 -9"><span class='ocrx_word' id='word_1_149' title='bbox 337 2283 540 2328; x_wconf 73' lang='lat' dir='ltr'>Bsusmcrlo</span> <span class='ocrx_word' id='word_1_150' title='bbox 563 2285 701 2335; x_wconf 81' lang='lat' dir='ltr'><strong>QUANDO</strong></span> <span class='ocrx_word' id='word_1_151' title='bbox 724 2285 891 2330; x_wconf 87' lang='lat' dir='ltr'><strong>JUDICIUM</strong></span> <span class='ocrx_word' id='word_1_152' title='bbox 913 2286 1053 2330; x_wconf 81' lang='lat' dir='ltr'>EXITURI</span> <span class='ocrx_word' id='word_1_153' title='bbox 1076 2285 1163 2330; x_wconf 79' lang='lat' dir='ltr'>SUNT</span> <span class='ocrx_word' id='word_1_154' title='bbox 1185 2283 1350 2330; x_wconf 72' lang='lat' dir='ltr'>nolumus.</span> 
     </span>
    </p>
   </div>
   <div class='ocr_carea' id='block_1_11' title="bbox 267 2424 1497 2740">
    <p class='ocr_par' dir='ltr' id='par_1_12' title="bbox 267 2424 1497 2740">
     <span class='ocr_line' id='line_1_21' title="bbox 427 2424 1388 2489; baseline 0 -17"><span class='ocrx_word' id='word_1_155' title='bbox 427 2425 473 2488; x_wconf 78' lang='lat' dir='ltr'>god</span> <span class='ocrx_word' id='word_1_156' title='bbox 531 2424 609 2473; x_wconf 59' lang='lat' dir='ltr'>&amp;vlle</span> <span class='ocrx_word' id='word_1_157' title='bbox 657 2424 720 2474; x_wconf 68' lang='lat' dir='ltr'>brim</span> <span class='ocrx_word' id='word_1_158' title='bbox 779 2426 862 2474; x_wconf 65' lang='lat' dir='ltr'>maht?</span> <span class='ocrx_word' id='word_1_159' title='bbox 910 2426 1061 2489; x_wconf 78' lang='lat' dir='ltr'>gimetgadest</span> <span class='ocrx_word' id='word_1_160' title='bbox 1142 2425 1192 2488; x_wconf 77' lang='lat' dir='ltr'>lego</span> <span class='ocrx_word' id='word_1_161' title='bbox 1324 2425 1388 2488; x_wconf 81' lang='lat' dir='ltr'>fyrn&#39;</span> 
     </span>
     <span class='ocr_line' id='line_1_22' title="bbox 312 2485 1425 2574; baseline -0.002 -22"><span class='ocrx_word' id='word_1_162' title='bbox 312 2490 372 2573; x_wconf 81' lang='lat'><strong>(1.)</strong></span> <span class='ocrx_word' id='word_1_163' title='bbox 404 2488 504 2565; x_wconf 91' lang='lat' dir='ltr'>Deus,</span> <span class='ocrx_word' id='word_1_164' title='bbox 543 2489 599 2574; x_wconf 92' lang='lat' dir='ltr'>qui</span> <span class='ocrx_word' id='word_1_165' title='bbox 635 2489 737 2554; x_wconf 92' lang='lat' dir='ltr'>tribus</span> <span class='ocrx_word' id='word_1_166' title='bbox 766 2489 873 2574; x_wconf 89' lang='lat' dir='ltr'>pueris</span> <span class='ocrx_word' id='word_1_167' title='bbox 911 2488 1063 2573; x_wconf 82' lang='lat' dir='ltr'>mitigasti</span> <span class='ocrx_word' id='word_1_168' title='bbox 1108 2487 1250 2553; x_wconf 88' lang='lat' dir='ltr'>flammas</span> <span class='ocrx_word' id='word_1_169' title='bbox 1289 2485 1425 2574; x_wconf 83' lang='lat' dir='ltr'>ignium,</span> 
     </span>
     <span class='ocr_line' id='line_1_23' title="bbox 309 2592 1497 2656; baseline -0.003 -16"><span class='ocrx_word' id='word_1_170' title='bbox 309 2592 369 2654; x_wconf 77' lang='lat' dir='ltr'>gilot</span> <span class='ocrx_word' id='word_1_171' title='bbox 495 2593 582 2640; x_wconf 80' lang='lat' dir='ltr'>vebid&#39;</span> <span class='ocrx_word' id='word_1_172' title='bbox 648 2595 693 2653; x_wconf 54' lang='lat' dir='ltr'>pte</span> <span class='ocrx_word' id='word_1_173' title='bbox 725 2593 776 2656; x_wconf 82' lang='lat' dir='ltr'>vsig</span> <span class='ocrx_word' id='word_1_174' title='bbox 840 2592 887 2640; x_wconf 69' lang='lat' dir='ltr'>bea</span> <span class='ocrx_word' id='word_1_175' title='bbox 976 2592 1035 2640; x_wconf 66' lang='lat' dir='ltr'>bino</span> <span class='ocrx_word' id='word_1_176' title='bbox 1077 2608 1107 2640; x_wconf 90' lang='lat' dir='ltr'>ne</span> <span class='ocrx_word' id='word_1_177' title='bbox 1168 2593 1262 2654; x_wconf 81' lang='lat' dir='ltr'>giberne</span> <span class='ocrx_word' id='word_1_178' title='bbox 1339 2593 1381 2656; x_wconf 78' lang='lat' dir='ltr'>leg</span> <span class='ocrx_word' id='word_1_179' title='bbox 1496 2633 1497 2636; x_wconf 74' lang='grc'>,</span> 
     </span>
     <span class='ocr_line' id='line_1_24' title="bbox 267 2654 1429 2740; baseline 0.001 -22"><span class='ocrx_word' id='word_1_180' title='bbox 267 2654 413 2730; x_wconf 86' lang='lat' dir='ltr'>concede,</span> <span class='ocrx_word' id='word_1_181' title='bbox 445 2677 626 2740; x_wconf 87' lang='lat' dir='ltr'>quesumus,</span> <span class='ocrx_word' id='word_1_182' title='bbox 657 2665 695 2720; x_wconf 91' lang='lat' dir='ltr'>ut</span> <span class='ocrx_word' id='word_1_183' title='bbox 722 2678 780 2720; x_wconf 92' lang='lat' dir='ltr'>nos</span> <span class='ocrx_word' id='word_1_184' title='bbox 808 2655 942 2721; x_wconf 86' lang='lat' dir='ltr'>famulos</span> <span class='ocrx_word' id='word_1_185' title='bbox 971 2665 1044 2721; x_wconf 90' lang='lat' dir='ltr'>tuos</span> <span class='ocrx_word' id='word_1_186' title='bbox 1068 2677 1132 2719; x_wconf 91' lang='lat' dir='ltr'>non</span> <span class='ocrx_word' id='word_1_187' title='bbox 1158 2664 1272 2720; x_wconf 85' lang='lat' dir='ltr'>exurat</span> <span class='ocrx_word' id='word_1_188' title='bbox 1297 2655 1429 2720; x_wconf 86' lang='lat' dir='ltr'>flamma</span> 
     </span>
    </p>
   </div>
   <div class='ocr_carea' id='block_1_12' title="bbox 267 2773 498 2907">
    <p class='ocr_par' dir='ltr' id='par_1_13' title="bbox 267 2773 498 2907">
     <span class='ocr_line' id='line_1_25' title="bbox 289 2773 389 2834; baseline 0 0"><span class='ocrx_word' id='word_1_189' title='bbox 289 2819 296 2834; x_wconf 93' lang='lat'><strong>.</strong></span> <span class='ocrx_word' id='word_1_190' title='bbox 313 2773 389 2834; x_wconf 63' lang='lat' dir='ltr'>gynna</span> 
     </span>
     <span class='ocr_line' id='line_1_26' title="bbox 267 2829 498 2907; baseline -0.004 -23"><span class='ocrx_word' id='word_1_191' title='bbox 267 2829 424 2897; x_wconf 79' lang='lat' dir='ltr'>vitrorum,</span> <span class='ocrx_word' id='word_1_192' title='bbox 441 2841 498 2907; x_wconf 89' lang='lat' dir='ltr'>per</span> 
     </span>
    </p>
   </div>
   <div class='ocr_carea' id='block_1_13' title="bbox 421 3000 1269 3062">
    <p class='ocr_par' dir='ltr' id='par_1_14' title="bbox 421 3000 1269 3062">
     <span class='ocr_line' id='line_1_27' title="bbox 421 3000 1269 3062; baseline 0.001 -18"><span class='ocrx_word' id='word_1_193' title='bbox 421 3000 631 3046; x_wconf 76' lang='lat' dir='ltr'>sxonmsbms</span> <span class='ocrx_word' id='word_1_194' title='bbox 653 3001 751 3052; x_wconf 73' lang='lat' dir='ltr'>AQUAE</span> <span class='ocrx_word' id='word_1_195' title='bbox 773 3002 818 3044; x_wconf 77' lang='lat' dir='ltr'>An</span> <span class='ocrx_word' id='word_1_196' title='bbox 841 3003 982 3046; x_wconf 81' lang='lat' dir='ltr'>FURTUM</span> <span class='ocrx_word' id='word_1_197' title='bbox 1005 3003 1269 3062; x_wconf 52' lang='lat' dir='ltr'>asQUQRsNDUM.</span> 
     </span>
    </p>
   </div>
   <div class='ocr_carea' id='block_1_14' title="bbox 242 3138 1433 3622">
    <p class='ocr_par' dir='ltr' id='par_1_15' title="bbox 425 3138 1417 3205">
     <span class='ocr_line' id='line_1_28' title="bbox 425 3138 1417 3205; baseline 0.001 -18"><span class='ocrx_word' id='word_1_198' title='bbox 425 3139 543 3202; x_wconf 76' lang='lat' dir='ltr'>iebalsigo</span> <span class='ocrx_word' id='word_1_199' title='bbox 598 3138 642 3188; x_wconf 74' lang='lat' dir='ltr'>lieo</span> <span class='ocrx_word' id='word_1_200' title='bbox 706 3141 796 3204; x_wconf 75' lang='lat' dir='ltr'>gisoaeit</span> <span class='ocrx_word' id='word_1_201' title='bbox 871 3156 933 3205; x_wconf 77' lang='lat' dir='ltr'>7aec</span> <span class='ocrx_word' id='word_1_202' title='bbox 997 3143 1022 3190; x_wconf 91' lang='lat' dir='ltr'>in</span> <span class='ocrx_word' id='word_1_203' title='bbox 1078 3158 1146 3190; x_wconf 91' lang='lat' dir='ltr'>nome</span> <span class='ocrx_word' id='word_1_204' title='bbox 1226 3142 1271 3204; x_wconf 75' lang='lat' dir='ltr'>god</span> <span class='ocrx_word' id='word_1_205' title='bbox 1339 3139 1417 3188; x_wconf 77' lang='lat' dir='ltr'>fador&#39;</span> 
     </span>
    </p>

    <p class='ocr_par' dir='ltr' id='par_1_16' title="bbox 269 3201 1433 3535">
     <span class='ocr_line' id='line_1_29' title="bbox 314 3201 1431 3290; baseline 0.003 -25"><span class='ocrx_word' id='word_1_206' title='bbox 314 3203 374 3286; x_wconf 88' lang='grc'><strong>(1.)</strong></span> <span class='ocrx_word' id='word_1_207' title='bbox 404 3201 559 3268; x_wconf 86' lang='lat' dir='ltr'>Exoroizo</span> <span class='ocrx_word' id='word_1_208' title='bbox 600 3211 642 3280; x_wconf 89' lang='lat' dir='ltr'>te,</span> <span class='ocrx_word' id='word_1_209' title='bbox 683 3215 827 3268; x_wconf 87' lang='lat' dir='ltr'>creatura</span> <span class='ocrx_word' id='word_1_210' title='bbox 859 3226 954 3290; x_wconf 91' lang='lat' dir='ltr'>aque,</span> <span class='ocrx_word' id='word_1_211' title='bbox 990 3205 1024 3268; x_wconf 91' lang='lat' dir='ltr'>in</span> <span class='ocrx_word' id='word_1_212' title='bbox 1054 3205 1182 3269; x_wconf 87' lang='lat' dir='ltr'>nomine</span> <span class='ocrx_word' id='word_1_213' title='bbox 1219 3203 1283 3268; x_wconf 91' lang='lat' dir='ltr'>Dei</span> <span class='ocrx_word' id='word_1_214' title='bbox 1325 3201 1431 3268; x_wconf 87' lang='lat' dir='ltr'>Patris</span> 
     </span>
     <span class='ocr_line' id='line_1_30' title="bbox 333 3304 1401 3369; baseline 0.002 -16"><span class='ocrx_word' id='word_1_215' title='bbox 333 3304 445 3354; x_wconf 82' lang='lat' dir='ltr'>allmaeht’</span> <span class='ocrx_word' id='word_1_216' title='bbox 550 3320 582 3369; x_wconf 54' lang='lat'>⁴1,</span> <span class='ocrx_word' id='word_1_217' title='bbox 617 3307 642 3354; x_wconf 92' lang='lat' dir='ltr'>in</span> <span class='ocrx_word' id='word_1_218' title='bbox 714 3323 781 3355; x_wconf 89' lang='lat' dir='ltr'>nome</span> <span class='ocrx_word' id='word_1_219' title='bbox 860 3307 915 3356; x_wconf 82' lang='lat' dir='ltr'>hael’</span> <span class='ocrx_word' id='word_1_220' title='bbox 988 3309 1051 3356; x_wconf 83' lang='lat' dir='ltr'>orist&#39;</span> <span class='ocrx_word' id='word_1_221' title='bbox 1099 3309 1177 3357; x_wconf 87' lang='lat' dir='ltr'>bearn&#39;</span> <span class='ocrx_word' id='word_1_222' title='bbox 1208 3307 1246 3355; x_wconf 85' lang='lat' dir='ltr'>his</span> <span class='ocrx_word' id='word_1_223' title='bbox 1323 3308 1401 3355; x_wconf 84' lang='lat' dir='ltr'>driht’</span> 
     </span>
     <span class='ocr_line' id='line_1_31' title="bbox 269 3367 1433 3455; baseline 0.003 -25"><span class='ocrx_word' id='word_1_224' title='bbox 269 3367 502 3454; x_wconf 89' lang='lat' dir='ltr'>omnipotentis,</span> <span class='ocrx_word' id='word_1_225' title='bbox 542 3378 575 3433; x_wconf 86' lang='lat' dir='ltr'>et</span> <span class='ocrx_word' id='word_1_226' title='bbox 612 3369 645 3432; x_wconf 91' lang='lat' dir='ltr'>in</span> <span class='ocrx_word' id='word_1_227' title='bbox 684 3371 811 3434; x_wconf 86' lang='lat' dir='ltr'>nomine</span> <span class='ocrx_word' id='word_1_228' title='bbox 847 3370 925 3435; x_wconf 88' lang='lat' dir='ltr'>Jesu</span> <span class='ocrx_word' id='word_1_229' title='bbox 955 3371 1075 3436; x_wconf 87' lang='lat' dir='ltr'>Christi</span> <span class='ocrx_word' id='word_1_230' title='bbox 1105 3371 1163 3435; x_wconf 87' lang='lat' dir='ltr'>filii</span> <span class='ocrx_word' id='word_1_231' title='bbox 1192 3371 1271 3455; x_wconf 90' lang='lat' dir='ltr'>ejus,</span> <span class='ocrx_word' id='word_1_232' title='bbox 1294 3369 1433 3434; x_wconf 90' lang='lat' dir='ltr'>Domini</span> 
     </span>
     <span class='ocr_line' id='line_1_32' title="bbox 302 3470 1403 3535; baseline 0.004 -17"><span class='ocrx_word' id='word_1_233' title='bbox 302 3473 337 3518; x_wconf 82' lang='lat' dir='ltr'>rs&#39;</span> <span class='ocrx_word' id='word_1_234' title='bbox 387 3473 431 3530; x_wconf 61' lang='lat' dir='ltr'>pte</span> <span class='ocrx_word' id='word_1_235' title='bbox 447 3470 547 3534; x_wconf 72' lang='lat' dir='ltr'>giporlle</span> <span class='ocrx_word' id='word_1_236' title='bbox 563 3480 634 3520; x_wconf 73' lang='lat' dir='ltr'>raetia</span> <span class='ocrx_word' id='word_1_237' title='bbox 697 3473 801 3535; x_wconf 81' lang='lat' dir='ltr'>gihalsad</span> <span class='ocrx_word' id='word_1_238' title='bbox 872 3483 896 3522; x_wconf 86' lang='lat' dir='ltr'>to</span> <span class='ocrx_word' id='word_1_239' title='bbox 971 3474 1060 3523; x_wconf 86' lang='lat' dir='ltr'>tleanne</span> <span class='ocrx_word' id='word_1_240' title='bbox 1184 3475 1226 3524; x_wconf 80' lang='lat' dir='ltr'>oelt</span> <span class='ocrx_word' id='word_1_241' title='bbox 1325 3475 1403 3523; x_wconf 79' lang='lat' dir='ltr'>maeht</span> 
     </span>
    </p>

    <p class='ocr_par' dir='ltr' id='par_1_17' title="bbox 242 3533 1433 3622">
     <span class='ocr_line' id='line_1_33' title="bbox 242 3533 1433 3622; baseline 0.006 -26"><span class='ocrx_word' id='word_1_242' title='bbox 242 3575 244 3580; x_wconf 83' lang='lat'><em>·</em></span> <span class='ocrx_word' id='word_1_243' title='bbox 270 3533 379 3610; x_wconf 88' lang='lat' dir='ltr'>nostri,</span> <span class='ocrx_word' id='word_1_244' title='bbox 396 3543 433 3597; x_wconf 91' lang='lat' dir='ltr'>ut</span> <span class='ocrx_word' id='word_1_245' title='bbox 476 3533 532 3598; x_wconf 88' lang='lat' dir='ltr'>lias</span> <span class='ocrx_word' id='word_1_246' title='bbox 561 3557 645 3619; x_wconf 90' lang='lat' dir='ltr'>aqua</span> <span class='ocrx_word' id='word_1_247' title='bbox 665 3536 845 3600; x_wconf 84' lang='lat' dir='ltr'>exorcizata</span> <span class='ocrx_word' id='word_1_248' title='bbox 867 3537 907 3602; x_wconf 88' lang='lat' dir='ltr'>ad</span> <span class='ocrx_word' id='word_1_249' title='bbox 926 3537 1126 3622; x_wconf 87' lang='lat' dir='ltr'>effugandam</span> <span class='ocrx_word' id='word_1_250' title='bbox 1147 3559 1272 3602; x_wconf 88' lang='lat' dir='ltr'>omnem</span> <span class='ocrx_word' id='word_1_251' title='bbox 1287 3547 1433 3622; x_wconf 85' lang='lat' dir='ltr'>potesta·</span> 
     </span>
    </p>
   </div>
   <div class='ocr_carea' id='block_1_15' title="bbox 270 3633 1434 3782">
    <p class='ocr_par' dir='ltr' id='par_1_18' title="bbox 270 3633 1434 3782">
     <span class='ocr_line' id='line_1_34' title="bbox 374 3633 1399 3706; baseline 0.006 -22"><span class='ocrx_word' id='word_1_252' title='bbox 374 3637 462 3685; x_wconf 82' lang='lat' dir='ltr'>fiondes</span> <span class='ocrx_word' id='word_1_253' title='bbox 502 3651 518 3700; x_wconf 75' lang='lat'>&#39;1</span> <span class='ocrx_word' id='word_1_254' title='bbox 575 3638 618 3686; x_wconf 81' lang='lat' dir='ltr'>aelo</span> <span class='ocrx_word' id='word_1_255' title='bbox 693 3639 788 3687; x_wconf 82' lang='lat' dir='ltr'>seinelao</span> <span class='ocrx_word' id='word_1_256' title='bbox 858 3633 946 3689; x_wconf 75' lang='lat' dir='ltr'>di&#39;roles</span> <span class='ocrx_word' id='word_1_257' title='bbox 980 3643 1024 3702; x_wconf 63' lang='lat' dir='ltr'>bte</span> <span class='ocrx_word' id='word_1_258' title='bbox 1040 3642 1076 3705; x_wconf 74' lang='lat' dir='ltr'>gif</span> <span class='ocrx_word' id='word_1_259' title='bbox 1104 3642 1146 3690; x_wconf 84' lang='lat' dir='ltr'>her</span> <span class='ocrx_word' id='word_1_260' title='bbox 1212 3639 1230 3706; x_wconf 69' lang='lat' dir='ltr'>[s</span> <span class='ocrx_word' id='word_1_261' title='bbox 1329 3641 1399 3689; x_wconf 90' lang='lat' dir='ltr'>hond</span> 
     </span>
     <span class='ocr_line' id='line_1_35' title="bbox 270 3697 1434 3782; baseline 0.003 -18"><span class='ocrx_word' id='word_1_262' title='bbox 270 3709 334 3764; x_wconf 88' lang='lat' dir='ltr'>tem</span> <span class='ocrx_word' id='word_1_263' title='bbox 357 3697 476 3763; x_wconf 84' lang='lat' dir='ltr'>inimici</span> <span class='ocrx_word' id='word_1_264' title='bbox 498 3709 531 3764; x_wconf 90' lang='lat' dir='ltr'>et</span> <span class='ocrx_word' id='word_1_265' title='bbox 555 3721 647 3765; x_wconf 88' lang='lat' dir='ltr'>omna</span> <span class='ocrx_word' id='word_1_266' title='bbox 668 3701 822 3767; x_wconf 84' lang='lat' dir='ltr'>fantasma</span> <span class='ocrx_word' id='word_1_267' title='bbox 838 3704 964 3782; x_wconf 92' lang='lat' dir='ltr'>diaboli,</span> <span class='ocrx_word' id='word_1_268' title='bbox 985 3713 1022 3768; x_wconf 91' lang='lat' dir='ltr'>ut</span> <span class='ocrx_word' id='word_1_269' title='bbox 1045 3706 1072 3769; x_wconf 90' lang='lat' dir='ltr'>si</span> <span class='ocrx_word' id='word_1_270' title='bbox 1098 3705 1150 3770; x_wconf 90' lang='lat' dir='ltr'>hio</span> <span class='ocrx_word' id='word_1_271' title='bbox 1178 3705 1273 3768; x_wconf 93' lang='lat' dir='ltr'>homo</span> <span class='ocrx_word' id='word_1_272' title='bbox 1297 3727 1434 3768; x_wconf 88' lang='lat' dir='ltr'>manum</span> 
     </span>
    </p>
   </div>
   <div class='ocr_carea' id='block_1_16' title="bbox 258 3801 1436 4287">
    <p class='ocr_par' dir='ltr' id='par_1_19' title="bbox 258 3801 1436 4287">
     <span class='ocr_line' id='line_1_36' title="bbox 299 3801 1425 3870; baseline 0.004 -19"><span class='ocrx_word' id='word_1_273' title='bbox 299 3804 336 3851; x_wconf 87' lang='lat' dir='ltr'>his</span> <span class='ocrx_word' id='word_1_274' title='bbox 392 3819 423 3850; x_wconf 89' lang='lat' dir='ltr'>on</span> <span class='ocrx_word' id='word_1_275' title='bbox 450 3802 495 3850; x_wconf 68' lang='lat' dir='ltr'>bec</span> <span class='ocrx_word' id='word_1_276' title='bbox 527 3801 569 3851; x_wconf 71' lang='lat' dir='ltr'>bit</span> <span class='ocrx_word' id='word_1_277' title='bbox 582 3805 684 3853; x_wconf 83' lang='lat' dir='ltr'>sendend</span> <span class='ocrx_word' id='word_1_278' title='bbox 733 3807 853 3870; x_wconf 82' lang='lat' dir='ltr'>ruseyldig</span> <span class='ocrx_word' id='word_1_279' title='bbox 928 3809 949 3856; x_wconf 89' lang='lat' dir='ltr'>is</span> <span class='ocrx_word' id='word_1_280' title='bbox 997 3806 1071 3857; x_wconf 71' lang='lat' dir='ltr'>bibon</span> <span class='ocrx_word' id='word_1_281' title='bbox 1130 3808 1262 3858; x_wconf 75' lang='lat' dir='ltr'>billateled</span> <span class='ocrx_word' id='word_1_282' title='bbox 1332 3810 1425 3858; x_wconf 79' lang='lat' dir='ltr'>nrfaest&#39;</span> 
     </span>
     <span class='ocr_line' id='line_1_37' title="bbox 272 3865 1436 3958; baseline 0.006 -27"><span class='ocrx_word' id='word_1_283' title='bbox 272 3888 361 3932; x_wconf 86' lang='lat' dir='ltr'>suam</span> <span class='ocrx_word' id='word_1_284' title='bbox 391 3866 425 3929; x_wconf 92' lang='lat' dir='ltr'>in</span> <span class='ocrx_word' id='word_1_285' title='bbox 455 3875 487 3930; x_wconf 90' lang='lat' dir='ltr'>te</span> <span class='ocrx_word' id='word_1_286' title='bbox 527 3865 681 3932; x_wconf 89' lang='lat' dir='ltr'>missurus</span> <span class='ocrx_word' id='word_1_287' title='bbox 720 3868 872 3934; x_wconf 88' lang='lat' dir='ltr'>innocens</span> <span class='ocrx_word' id='word_1_288' title='bbox 911 3880 960 3935; x_wconf 90' lang='lat' dir='ltr'>est</span> <span class='ocrx_word' id='word_1_289' title='bbox 994 3871 1079 3935; x_wconf 86' lang='lat' dir='ltr'>undo</span> <span class='ocrx_word' id='word_1_290' title='bbox 1119 3882 1294 3958; x_wconf 88' lang='lat' dir='ltr'>reputatur,</span> <span class='ocrx_word' id='word_1_291' title='bbox 1328 3872 1436 3958; x_wconf 85' lang='lat' dir='ltr'>pietas</span> 
     </span>
     <span class='ocr_line' id='line_1_38' title="bbox 282 3968 1413 4037; baseline 0.008 -22"><span class='ocrx_word' id='word_1_292' title='bbox 282 3971 335 4032; x_wconf 78' lang='lat' dir='ltr'>god&#39;</span> <span class='ocrx_word' id='word_1_293' title='bbox 443 3968 506 4016; x_wconf 83' lang='lat' dir='ltr'>allm&#39;</span> <span class='ocrx_word' id='word_1_294' title='bbox 634 3971 699 4034; x_wconf 81' lang='lat' dir='ltr'>gliris</span> <span class='ocrx_word' id='word_1_295' title='bbox 740 3972 796 4020; x_wconf 84' lang='lat' dir='ltr'>hine</span> <span class='ocrx_word' id='word_1_296' title='bbox 867 3974 949 4037; x_wconf 72' lang='lat' dir='ltr'>&#39;lsslf</span> <span class='ocrx_word' id='word_1_297' title='bbox 995 3977 1015 4035; x_wconf 68' lang='grc' dir='ltr'>«β</span> <span class='ocrx_word' id='word_1_298' title='bbox 1062 3975 1165 4023; x_wconf 81' lang='lat' dir='ltr'>fearrsie</span> <span class='ocrx_word' id='word_1_299' title='bbox 1238 3978 1310 4037; x_wconf 84' lang='lat' dir='ltr'>synn&#39;</span> <span class='ocrx_word' id='word_1_300' title='bbox 1392 3977 1413 4024; x_wconf 84' lang='lat' dir='ltr'>is</span> 
     </span>
     <span class='ocr_line' id='line_1_39' title="bbox 272 4027 1434 4123; baseline 0.008 -27"><span class='ocrx_word' id='word_1_301' title='bbox 272 4032 336 4097; x_wconf 89' lang='lat' dir='ltr'>Dei</span> <span class='ocrx_word' id='word_1_302' title='bbox 362 4027 587 4116; x_wconf 70' lang='lat' dir='ltr'>omnipotdntis</span> <span class='ocrx_word' id='word_1_303' title='bbox 608 4033 722 4099; x_wconf 89' lang='lat' dir='ltr'>liberet</span> <span class='ocrx_word' id='word_1_304' title='bbox 736 4056 828 4113; x_wconf 90' lang='lat' dir='ltr'>eum;</span> <span class='ocrx_word' id='word_1_305' title='bbox 856 4046 889 4100; x_wconf 87' lang='lat' dir='ltr'>et</span> <span class='ocrx_word' id='word_1_306' title='bbox 912 4037 948 4113; x_wconf 88' lang='lat' dir='ltr'>si,</span> <span class='ocrx_word' id='word_1_307' title='bbox 971 4038 1057 4122; x_wconf 91' lang='lat' dir='ltr'>quod</span> <span class='ocrx_word' id='word_1_308' title='bbox 1076 4038 1167 4115; x_wconf 87' lang='lat' dir='ltr'>absit,</span> <span class='ocrx_word' id='word_1_309' title='bbox 1184 4038 1356 4123; x_wconf 83' lang='lat' dir='ltr'>orrlpabilis</span> <span class='ocrx_word' id='word_1_310' title='bbox 1374 4049 1434 4115; x_wconf 87' lang='lat' dir='ltr'>est,</span> 
     </span>
     <span class='ocr_line' id='line_1_40' title="bbox 258 4137 1404 4204; baseline 0.006 -21"><span class='ocrx_word' id='word_1_311' title='bbox 258 4155 298 4202; x_wconf 62' lang='grc' dir='ltr'>«Ἰ</span> <span class='ocrx_word' id='word_1_312' title='bbox 396 4137 527 4200; x_wconf 70' lang='lat' dir='ltr'>f&#39;edyrstig&#39;</span> <span class='ocrx_word' id='word_1_313' title='bbox 623 4153 653 4185; x_wconf 90' lang='lat' dir='ltr'>on</span> <span class='ocrx_word' id='word_1_314' title='bbox 686 4137 730 4186; x_wconf 75' lang='lat' dir='ltr'>lieo</span> <span class='ocrx_word' id='word_1_315' title='bbox 794 4139 858 4186; x_wconf 88' lang='lat' dir='ltr'>hond</span> <span class='ocrx_word' id='word_1_316' title='bbox 947 4141 984 4188; x_wconf 87' lang='lat' dir='ltr'>his</span> <span class='ocrx_word' id='word_1_317' title='bbox 1048 4143 1143 4204; x_wconf 78' lang='lat' dir='ltr'>gisende</span> <span class='ocrx_word' id='word_1_318' title='bbox 1208 4141 1280 4190; x_wconf 69' lang='lat' dir='ltr'>beart</span> <span class='ocrx_word' id='word_1_319' title='bbox 1354 4143 1404 4192; x_wconf 74' lang='lat' dir='ltr'>bis</span> 
     </span>
     <span class='ocr_line' id='line_1_41' title="bbox 272 4200 1436 4287; baseline 0.002 -19"><span class='ocrx_word' id='word_1_320' title='bbox 272 4213 305 4268; x_wconf 89' lang='lat' dir='ltr'>et</span> <span class='ocrx_word' id='word_1_321' title='bbox 340 4209 602 4287; x_wconf 90' lang='lat' dir='ltr'>presumptuosus</span> <span class='ocrx_word' id='word_1_322' title='bbox 630 4200 664 4264; x_wconf 92' lang='lat' dir='ltr'>in</span> <span class='ocrx_word' id='word_1_323' title='bbox 698 4215 730 4265; x_wconf 88' lang='lat' dir='ltr'>te</span> <span class='ocrx_word' id='word_1_324' title='bbox 762 4215 892 4266; x_wconf 89' lang='lat' dir='ltr'>manum</span> <span class='ocrx_word' id='word_1_325' title='bbox 921 4225 1010 4268; x_wconf 89' lang='lat' dir='ltr'>suam</span> <span class='ocrx_word' id='word_1_326' title='bbox 1039 4205 1165 4286; x_wconf 77' lang='lat' dir='ltr'>mittere</span> <span class='ocrx_word' id='word_1_327' title='bbox 1194 4227 1292 4270; x_wconf 90' lang='lat' dir='ltr'>ausus</span> <span class='ocrx_word' id='word_1_328' title='bbox 1323 4206 1436 4283; x_wconf 81' lang='lat' dir='ltr'>fuerit,</span> 
     </span>
    </p>
   </div>
   <div class='ocr_carea' id='block_1_17' title="bbox 272 4305 1437 4475">
    <p class='ocr_par' dir='ltr' id='par_1_20' title="bbox 272 4305 1437 4475">
     <span class='ocr_line' id='line_1_42' title="bbox 288 4305 1413 4374; baseline 0.005 -20"><span class='ocrx_word' id='word_1_329' title='bbox 288 4306 395 4355; x_wconf 70' lang='lat' dir='ltr'>liaesiloa</span> <span class='ocrx_word' id='word_1_330' title='bbox 495 4321 520 4354; x_wconf 85' lang='lat' dir='ltr'>es</span> <span class='ocrx_word' id='word_1_331' title='bbox 625 4305 689 4364; x_wconf 69' lang='lat' dir='ltr'>,allm’</span> <span class='ocrx_word' id='word_1_332' title='bbox 818 4321 906 4368; x_wconf 76' lang='lat' dir='ltr'>maegen</span> <span class='ocrx_word' id='word_1_333' title='bbox 983 4308 1017 4355; x_wconf 82' lang='lat' dir='ltr'>of‘</span> <span class='ocrx_word' id='word_1_334' title='bbox 1082 4308 1137 4356; x_wconf 82' lang='lat' dir='ltr'>hina</span> <span class='ocrx_word' id='word_1_335' title='bbox 1185 4307 1225 4356; x_wconf 71' lang='lat' dir='ltr'>tis</span> <span class='ocrx_word' id='word_1_336' title='bbox 1259 4335 1262 4340; x_wconf 94' lang='lat'>·</span> <span class='ocrx_word' id='word_1_337' title='bbox 1290 4311 1413 4374; x_wconf 81' lang='lat' dir='ltr'>gibrehta’</span> 
     </span>
     <span class='ocr_line' id='line_1_43' title="bbox 272 4306 1437 4475; baseline 0.003 -40"><span class='ocrx_word' id='word_1_338' title='bbox 272 4370 433 4458; x_wconf 70' lang='lat' dir='ltr'>ejusdem,</span> <span class='ocrx_word' id='word_1_339' title='bbox 449 4306 531 4473; x_wconf 57' lang='lat' dir='ltr'>illei</span> <span class='ocrx_word' id='word_1_340' title='bbox 552 4367 778 4475; x_wconf 84' lang='lat' dir='ltr'>ompipotentis</span> <span class='ocrx_word' id='word_1_341' title='bbox 813 4369 913 4433; x_wconf 87' lang='lat' dir='ltr'>virtus</span> <span class='ocrx_word' id='word_1_342' title='bbox 950 4393 1046 4456; x_wconf 88' lang='lat' dir='ltr'>super</span> <span class='ocrx_word' id='word_1_343' title='bbox 1076 4394 1149 4436; x_wconf 91' lang='lat' dir='ltr'>eum</span> <span class='ocrx_word' id='word_1_344' title='bbox 1178 4373 1240 4438; x_wconf 87' lang='lat' dir='ltr'>hoo</span> <span class='ocrx_word' id='word_1_345' title='bbox 1269 4372 1437 4440; x_wconf 83' lang='lat' dir='ltr'>declaraie</span> 
     </span>
    </p>
   </div>
   <div class='ocr_carea' id='block_1_18' title="bbox 0 0 1543 5074">
    <p class='ocr_par' dir='ltr' id='par_1_21' title="bbox 0 0 1543 5074">
     <span class='ocr_line' id='line_1_44' title="bbox 0 0 1543 5074; baseline 0 0"><span class='ocrx_word' id='word_1_346' title='bbox 0 0 1543 5074; x_wconf 95' lang='lat' dir='ltr'> </span> 
     </span>
    </p>
   </div>
  </div>
 </body>
</html>
