3040 5074
274 510 335 572 160
651 528 886 574 auoaosmrou
910 531 1042 574 urruns.

270 665 397 732 oiliatio.
443 665 516 729 Non
546 673 596 729 est
625 665 772 732 inventus
798 667 910 733 similis
940 668 986 731 illi
1017 667 1073 753 qui
1097 675 1297 732 conservaret
1321 665 1425 750 legem

270 793 395 860 excelsi.
445 793 522 858 Ideo
547 794 620 879 jure
645 794 774 879 jurandi
803 794 880 860 fecit
908 795 999 858 illum
1029 794 1187 859 Dominus
1218 815 1363 858 crescere
1392 793 1424 855 in

156 913 159 920 ’
268 918 395 1004 plebem
424 943 523 986 suam.
580 923 830 988 Benedixionem
861 923 1002 988 omnium
1031 923 1175 1008 gentium
1201 921 1291 987 dedit
1314 921 1373 998 illi,
1394 931 1426 984 et

269 1053 495 1110 testamentum
524 1069 618 1112 suum
648 1049 844 1114 confirmavit
872 1072 969 1136 super
999 1051 1103 1136 capud
1132 1051 1210 1134 ejus.
1265 1048 1426 1133 Cognovit

269 1192 343 1235 eum
358 1172 391 1234 in
406 1174 668 1240 benedixionibus
689 1175 764 1253 suis,
780 1175 977 1240 confirmavit
992 1175 1039 1239 illi
1054 1174 1301 1240 misericordiam
1325 1198 1424 1252 suam,
1506 1177 1507 1202 ³

269 1307 302 1364 et
320 1299 441 1365 invenit
455 1302 598 1386 gratiam,
620 1325 725 1368 coram
743 1302 843 1367 oculis
864 1301 1004 1366 Domini.
1050 1300 1271 1386 Magnificavit
1295 1323 1371 1366 eum
1393 1302 1426 1364 in

269 1437 442 1512 conspectu
456 1451 567 1514 regum
582 1438 615 1494 et
630 1429 717 1494 dedit
731 1429 778 1493 illi
794 1449 941 1494 coronam
954 1425 1083 1512 gloriae.
1130 1427 1250 1492 Statuit
1265 1427 1313 1490 illi
1329 1437 1426 1492 testa-

271 1563 413 1618 mentum
442 1553 678 1642 sempitemnm,
709 1563 742 1618 et
766 1553 855 1618 dedit
883 1552 930 1616 illi
964 1551 1174 1616 sacerdotium
1206 1574 1361 1637 magnum
1396 1563 1427 1617 et
1506 1541 1507 1590 i

270 1679 462 1747 beatificavit
475 1679 565 1744 illum
580 1680 614 1745 in
628 1680 737 1766 gloria.
785 1679 896 1764 Fungo
915 1677 1091 1744 sacerdotio
1113 1689 1147 1744 et
1164 1680 1281 1746 habere
1299 1680 1425 1744 laudem
1506 1741 1507 1744 ,

269 1809 303 1874 in
333 1811 460 1876 nomine
486 1809 595 1896 ipsius,
624 1824 658 1876 et
680 1810 793 1876 offerre
818 1809 866 1874 illi
891 1809 1056 1874 incensum
1079 1807 1210 1893 dignum
1234 1807 1269 1871 in
1299 1808 1426 1873 odorem

271 1936 443 2003 suavitatis

701 2113 740 2192 ›1‹
762 2130 806 2172 an
829 2111 1005 2174 comennu'.

318 2250 377 2333 (l.)
403 2247 581 2312 Animabus
610 2270 804 2334 quaesumus,
832 2248 980 2325 Domine,
1006 2247 1196 2312 famulorum
1226 2250 1428 2317 famularum·
1506 2267 1507 2352 p

273 2395 345 2460 que,
361 2372 416 2449 ill',
433 2370 534 2436 oratio
554 2371 698 2456 proficiat
712 2373 947 2458 suplicandum,
964 2383 1001 2438 ut
1016 2396 1069 2438 eas
1084 2384 1118 2439 et
1132 2397 1152 2439 a
1165 2377 1307 2460 peccatis
1323 2401 1427 2454 exuas,
1506 2411 1507 2464 p

272 2509 305 2564 et
320 2509 386 2564 tuae
401 2497 627 2583 redemptionis
642 2497 738 2562 facias
752 2520 821 2564 esse
837 2500 1017 2586 participes,
1034 2523 1091 2586 per

317 2630 356 2709 >1⁴
379 2625 456 2690 Nim
471 2621 526 2689 dat
540 2623 673 2710 godepel
687 2624 744 2689 her
758 2647 799 2690 on
814 2625 910 2691 niooa
923 2626 1027 2714 priten
1042 2626 1069 2691 is

194 2815 199 2826 ,
317 2753 367 2816 R'.
391 2753 476 2816 Ecce
492 2750 639 2817 sacerdos
654 2773 796 2837 magnus

316 2880 366 2942 V’.
390 2878 517 2942 Nomen
532 2877 689 2944 inventus.

317 3003 388 3066 Δι’.
412 2999 538 3065 Invenit
553 2999 651 3065 Davit
666 3003 735 3064 ser'.

430 3227 598 3278 susurrus
621 3206 677 3270 so'1
700 3207 862 3270 uvanesn'
885 3227 1068 3272 sacunnum
1090 3229 1272 3274 maranum.

319 3345 378 3429 (1.)
404 3342 443 3406 In
464 3341 520 3406 illo
542 3350 685 3426 tempore
710 3339 792 3404 dixit
813 3339 908 3404 Jesus
925 3340 1090 3426 discipulis
1113 3343 1187 3408 suis.
1234 3345 1317 3418 Quis
1341 3355 1432 3431 putas
1506 3379 1507 3438 3

274 3477 323 3534 est
344 3469 446 3534 fidelis
470 3489 580 3532 servus
606 3474 639 3530 et
664 3466 813 3550 prudens,
843 3489 937 3552 quem
965 3468 1130 3534 constituit
1157 3469 1315 3534 Dominus
1341 3491 1434 3556 supra
1506 3441 1507 3444 Ἴ

273 3595 423 3660 familiam
447 3614 546 3668 suam,
566 3601 603 3655 ut
624 3591 680 3655 det
698 3590 763 3655 illis
786 3593 902 3676 cybum
925 3593 958 3658 in
981 3604 1132 3680 tempore.
1178 3598 1301 3662 Beatus
1324 3619 1432 3662 servus
1506 3631 1507 3692 p

271 3723 336 3799 ille,
366 3741 461 3807 quem
485 3693 668 3784 convenerit
696 3717 855 3782 Dominus
884 3722 962 3804 ejus,
984 3718 1152 3787 ‘invenerit
1181 3723 1227 3788 sic
1257 3724 1432 3789 facientem.

274 3851 379 3916 Amen
395 3846 466 3911 dico
481 3843 570 3910 vobis
585 3844 733 3930 quoniam
749 3866 846 3929 super
865 3845 970 3911 omnia
984 3847 1067 3911 bona
1083 3869 1141 3912 sua
1156 3847 1331 3914 constituet
1353 3871 1433 3914 eum.

319 3976 378 4060 (2.)
404 3974 479 4039 Οό.
503 3971 623 4036 Beatus
638 3995 747 4039 servus
762 3995 867 4059 quem.

320 4103 379 4187 (3.)
406 4103 618 4177 Summentes,
647 4101 794 4178 Domine,
827 4101 944 4186 gaudia
972 4101 1165 4210 sempitemp
1194 4101 1435 4188 participatione

277 4227 473 4304 sacramenti,
490 4236 607 4339 prpsta,
626 4227 813 4312 quessimus,
831 4236 868 4290 ut
882 4227 976 4305 beati,
992 4228 1033 4304 il',
1052 4229 1238 4294 confessoris
1264 4229 1323 4305 tui,
1348 4230 1436 4314 cujus

275 4351 424 4417 natalicia
438 4355 580 4432 colimus,
596 4353 744 4440 precibus
758 4354 952 4438 adjuvemur,
969 4377 1027 4440 per
