3040 5074
474 538 709 584 suono-saxon
732 543 864 588 arrum.
1181 535 1241 594 103
1268 501 1285 596 i

97 673 181 723 hvoelc
278 677 393 739 yfelroere
496 679 509 726 i
568 679 627 729 {terh
678 690 748 744 pyrto
805 683 853 746 ysel
870 685 1020 760 pisendo]
1097 689 1210 738 diovbliea

76 737 204 823 aliquid
238 736 430 817 malificium,
469 751 526 807 aut
566 765 623 830 per
649 744 762 811 herbas
804 699 956 812 mairficas
993 758 1027 813 et
1055 749 1237 843 diabolicas,

133 857 194 902 synn
302 840 339 892 his
475 845 601 895 dios..nto
650 849 752 912 gipoeria
844 851 909 899 vaelle
981 850 1040 901 tin?
1104 854 1209 906 soitfaest'

76 913 249 988 peccatum
279 925 372 970 suum
401 907 453 972 vel
478 909 599 974 furtum
628 912 779 997 detegere
808 913 951 990 voluerit,
983 924 1039 980 tua
1063 918 1240 1002 justissima

110 1006 164 1055 soss'
238 1007 277 1056 tis
342 1007 440 1074 giidlnge
511 1013 658 1076 siegimeod?
702 1015 762 1064 terh
836 1015 932 1065 anoond’
1029 1020 1112 1070 baama
1169 1021 1222 1072 tin’

76 1071 199 1135 veritas
224 1071 285 1138 hoe
315 1093 468 1139 evacuare
504 1076 662 1160 dignetur,
699 1101 758 1163 per
789 1079 989 1164 unigenitum
1019 1082 1119 1148 filium
1148 1094 1240 1152 tuum

127 1174 200 1221 driht’
334 1179 376 1225 vs?
500 1178 554 1228 hrel'
659 1181 724 1230 crist’
791 1181 888 1230 sede
920 1183 964 1232 dee
975 1183 1024 1232 mit
1058 1189 1084 1234 in
1144 1191 1223 1238 anniae

77 1237 259 1301 Dominum
289 1249 432 1304 nostrum
473 1241 584 1306 Jesum
615 1244 788 1322 Christum,
825 1245 881 1332 qui
918 1257 1023 1312 tecum
1053 1250 1086 1314 in
1116 1253 1238 1319 unitate

129 1339 189 1402 gast’
265 1343 312 1390 hat*
387 1341 440 1392 liof’
474 1355 491 1408 7
535 1347 590 1401 ¹rio'
662 1350 707 1411 god
762 1348 780 1398 ὃ
823 1351 879 1398 ·al'
958 1355 998 1414 po'
1101 1355 1140 1418 po'

79 1404 222 1488 Spiritus
237 1406 346 1470 Sancti
371 1407 449 1472 vivit
470 1416 504 1472 et
518 1418 631 1494 regnat
642 1412 733 1476 Deus
744 1435 802 1498 per
813 1413 919 1478 omnia
930 1414 1037 1480 secula
1048 1419 1235 1484 seculorum.

89 1505 181 1556 sotlioe

78 1570 198 1635 Amen.

275 1713 338 1760 aHm'
516 1729 554 1762 eoa
684 1716 730 1776 god
794 1717 922 1763 ondetende
972 1714 1004 1762 iio
1021 1715 1110 1764 oissrm
1151 1717 1197 1766 &ea

128 1775 188 1858 (4.)
214 1774 433 1861 Omnipotens,
451 1777 641 1862 sempiterne
657 1777 757 1854 Deus,
775 1777 938 1842 confitenti
956 1777 1014 1842 tibi
1030 1778 1104 1844 huie
1119 1781 1236 1846 famulo

75 1876 139 1926 einr
258 1879 291 1927 f'e
314 1879 372 1928 tine
419 1881 505 1929 arfaest'
566 1895 640 1944 synno
712 1881 764 1929 f'let
817 1883 862 1942 pte
894 1898 923 1929 no
972 1881 1037 1930 f'iior
1053 1881 1101 1930 him
1123 1883 1236 1946 gisoette

76 1950 147 2017 tuo,
164 1941 228 2018 illo,
245 1965 303 2028 pro
318 1952 374 2008 tua
396 1943 514 2030 pietate
530 1952 661 2029 peecata
680 1945 796 2022 relaxa,
820 1957 857 2010 ut
878 1967 941 2010 non
964 1945 1036 2031 plus
1059 1945 1088 2009 ei
1122 1960 1236 2014 nooeat

76 2042 215 2105 scyldignis'
246 2051 271 2091 to
337 2047 461 2110 pinvngei
510 2037 619 2108 artois
699 2045 806 2111 Pgefnisa
896 2047 973 2098 tinrae
1006 2049 1147 2099 arfaestnisse
1202 2060 1227 2100 to

88 2115 199 2170 reatus
239 2109 279 2172 ad
323 2131 467 2195 poenam,
515 2133 612 2196 quam
654 2109 853 2198 indulgentia
896 2121 963 2178 tuae
1013 2112 1144 2198 pietatis
1194 2116 1235 2180 ad

88 2207 194 2257 f'letnise

76 2271 214 2350 veniam,
231 2295 288 2358 per

371 2481 573 2526 BENEDICTIO
596 2481 742 2526 VESTIUM
764 2479 944 2526 VIRGINU'M.

241 2617 285 2679 god
325 2616 403 2666 tvae
500 2619 573 2682 poede
673 2617 844 2680 halvoende7
926 2616 1021 2679 gigarila
1140 2637 1191 2668 eoes

124 2677 184 2761 (1.)
209 2678 308 2756 Deus,
337 2681 392 2767 qui
415 2680 638 2746 vestimentum
665 2681 803 2744 salutare
819 2689 852 2744 et
866 2677 1087 2744 indumentum
1102 2695 1230 2750 aeterne

95 2781 242 2842 pynsvmnis’
313 2782 371 2832 tint
420 2784 541 2847 gileaffvlli
612 2783 727 2846 gihehtest
810 2781 963 2830 rvmmodnise
1027 2783 1072 2832 &in
1132 2787 1234 2836 hoenlioe

71 2842 282 2926 jocunditatis
308 2847 372 2912 tuis
405 2847 552 2912 fidelibus
578 2845 759 2932 promisisti,
784 2846 984 2910 elementiam
1005 2855 1094 2912 tuam
1112 2851 1233 2936 suppli·

232 2950 319 2998 vebid'
393 2951 438 3011 ’pte
487 2949 532 2998 iias
612 2950 706 3012 gigerila
828 2948 973 2998 edmodnis’e
1070 2950 1145 2999 heart'
1214 2969 1231 3018 Ἰ

75 3008 158 3073 citer
186 3032 361 3088 exoramus,
397 3022 433 3077 ut
468 3013 547 3078 haee
576 3013 761 3076 indumenta
800 3011 1012 3076 humilitatem
1054 3015 1157 3079 cordis
1198 3027 1232 3090 et

108 3112 262 3176 f'hogdnisei
302 3117 444 3180 middamg'es
508 3117 624 3165 becnendo
721 3113 784 3162 &aem
849 3114 907 3162 iiiva
955 3113 1039 3191 oin·
1128 3117 1221 3180 halgvm

75 3188 294 3262 contemptum
316 3179 426 3242 mundi
448 3178 666 3264 significantia,
687 3177 802 3262 quibus
817 3175 936 3240 famula
949 3185 1013 3254 tua,
1031 3175 1094 3254 rlla,
1120 3191 1229 3246 saneto

75 3279 243 3406 attriti
278 3297 327 3408 tt
360 3283 556 3409 stistte
589 3287 761 3430 ptimo,
797 3280 953 3428 ptttttts
988 3280 1165 3424 mittitis,
1196 3301 1230 3414 ei

75 3445 159 3506 eodges
224 3445 326 3494 olaennis'
416 3448 507 3510 giseoep'
606 3449 626 3508 'p
691 3447 736 3496 dee
776 3447 936 3496 inblavendei
1033 3448 1099 3497 onfoo
1186 3451 1231 3504 tes

75 3507 168 3571 beate
199 3509 352 3589 castitatis
389 3510 534 3574 habitum
564 3532 667 3597 quem,
699 3519 731 3575 te
753 3509 936 3596 inspirante,
972 3513 1155 3598 susceperit,
1198 3527 1230 3582 te

109 3611 225 3658 seildende
329 3613 422 3676 gihalda

73 3682 271 3758 protegente,
288 3676 453 3753 custodiat,
470 3698 527 3762 per

236 3811 282 3871 god
362 3812 433 3874 gadra
515 3825 604 3874 magna
658 3812 791 3874 sellend]
856 3811 914 3886 allra
1027 3813 1165 3889 bloeflsvnga

120 3871 179 3954 (2.)
204 3872 305 3950 Deus,
317 3875 471 3940 bonarum
482 3873 636 3940 virtutum
658 3873 749 3940 dator
770 3882 803 3937 et
818 3895 958 3936 ommum
972 3875 1228 3944 benedretionum

90 3973 183 4036 'yhtst
226 3977 348 4026 ondaeIend
410 3978 474 4040 giher
538 3979 611 4026 beodo
698 3991 751 4024 vsra
824 3990 840 4039 Ἰ
884 3973 938 4022 ties
1013 3978 1085 4039 poede
1168 3983 1188 4042 {a

86 4058 181 4121 argus
224 4037 355 4117 infusor,
379 4040 495 4106 exaudi
519 4061 630 4126 preces
656 4050 789 4114 nostras,
817 4048 850 4104 et
874 4038 956 4102 hano
981 4049 1112 4118 vestem,
1132 4065 1228 4129 quam

138 4139 180 4189 tio
277 4141 322 4192 tin
516 4145 550 4192 f'e
633 4143 769 4206 gihaidenne
833 4141 982 4205 hygdignises
1020 4150 1086 4192 taone
1193 4157 1217 4197 to

70 4202 223 4270 famulam
253 4214 349 4284 tuam,
379 4207 475 4284 iilam,
506 4229 564 4292 pro
594 4204 807 4271 conservando
830 4205 984 4270 eastitatis
1007 4207 1097 4292 signo
1128 4232 1162 4276 se
1186 4213 1226 4278 ad

138 4309 235 4370 prianne
331 4309 426 4374 gigirait
491 4310 617 4373 gibloedsia
688 4324 705 4371 7
754 4308 869 4372 gihalgiga
949 4308 1098 4388 &rgimeodi

72 4371 276 4456 operiendam
297 4373 449 4460 exposcit,
466 4372 653 4440 benedicere
679 4382 712 4438 et
727 4372 922 4438 sanctificare
951 4373 1098 4459 digneris,
1122 4399 1179 4462 per
