3040 5074
488 509 722 558 ANGLQSAXON
745 511 880 557 RITUM:-

617 770 752 815 onnrro.

154 881 217 964 (l.)
239 879 340 956 Deus,
356 878 411 964 qui
425 880 579 965 praeolero
594 883 754 948 salutifere
779 883 882 948 erucis
905 882 1025 948 honore
1048 892 1167 948 aeterne
1191 883 1262 948 red-

107 1133 245 1199 tuitione
259 1135 299 1198 ab
311 1134 457 1199 omnibus
473 1157 598 1220 semper
612 1135 792 1200 muniamur
805 1136 953 1214 adversis
969 1159 1027 1223 per

307 1337 479 1380 ANTIFONA
500 1337 544 1379 An
567 1337 776 1381 MIHAHELEM
798 1339 1061 1384 ARCHANGELUM.

153 1451 214 1536 (1.)
241 1450 366 1516 Mihuel
379 1451 586 1536 archangelus
600 1449 735 1516 venitin
749 1451 941 1536 adjutorium
955 1453 1073 1539 populo
1088 1449 1161 1516 Dei.

152 1577 205 1641 V’.
227 1577 268 1642 In
283 1587 458 1666 conspeetu
471 1575 664 1667 angelorum.

617 1779 751 1822 ORATIO·

153 1897 213 1982 (1.)
238 1898 300 1974 Da,
317 1918 509 1984 quaesumus,
526 1895 664 1961 Domine
679 1894 887 1982 omnipotens,
903 1895 988 1960 beati
1005 1893 1155 1960 Miheelis
1170 1896 1261 1960 arch-

105 2023 213 2108 angeli
228 2023 348 2088 honore
363 2044 487 2088 summo
509 2021 731 2108 proficere-ut
753 2023 844 2106 eujus
865 2021 987 2086 meritis
1008 2022 1140 2107 gloriam
1154 2023 1259 2111 predi·

106 2171 229 2228 cemus,
241 2149 388 2236 precibus
403 2149 588 2234 adjuvemur
602 2147 636 2212 in
651 2148 748 2226 eoelis
764 2171 822 2236 per

583 2347 789 2391 ANTIPHONA·

154 2462 213 2546 (1.)
238 2458 345 2524 Meris
358 2456 447 2542 virgo
465 2479 591 2542 semper
610 2457 736 2534 laetere‘
753 2480 827 2543 quae
848 2458 992 2522 meruisti
1008 2458 1172 2524 Christum
1186 2481 1260 2546 por-

106 2597 177 2652 tare
191 2584 265 2650 coeli
279 2592 313 2648 et
328 2594 413 2693 terre
432 2581 639 2658 conditorem,
652 2589 687 2645 et
710 2581 750 2646 de
773 2593 829 2647 tuo
855 2595 946 2648 utero
968 2584 1128 2670 protulisti
1150 2581 1259 2650 mundi

105 2713 303 2790 salvatorem,
315 2711 427 2778 defusa
441 2719 490 2775 est
504 2707 606 2796 grstia
619 2707 655 2772 in
668 2707 761 2774 labiis
775 2708 849 2786 tuis,
861 2717 1031 2796 propterea
1041 2709 1190 2776 benedixi
1202 2719 1244 2776 te.

614 2910 762 2954 onnrnus.

152 3027 212 3112 (1.)
237 3007 442 3091 Famulorum
453 3033 590 3101 tuorum,
607 3045 801 3109 quaesumus,
817 3023 965 3102 Domine,
981 3025 1106 3092 delictis
1120 3027 1258 3112 ignosce,

104 3162 144 3226 ut
158 3153 214 3239 qui
229 3151 409 3238 plunstede
423 3137 547 3216 entibus
560 3149 677 3214 nostris
699 3170 762 3214 non
784 3149 926 3214 valemus
945 3150 1108 3234 genitricis
1124 3153 1197 3218 Filii
1212 3155 1260 3220 tui

104 3278 238 3348 Domini
252 3276 439 3344 nostriJesu
455 3275 587 3353 Christi,
600 3273 827 3341 intercessione
842 3275 1011 3356 solvemur,
1025 3299 1083 3364 per

581 3476 786 3521 ANTIPHONA·

151 3595 212 3681 (l.)
237 3592 339 3657 Beate
352 3599 453 3656 mater
466 3601 500 3655 et
513 3589 649 3676 innupte
663 3591 751 3678 virgo
761 3591 911 3678 gloriosa,
927 3594 1038 3679 regine
1051 3598 1172 3664 mundi.

615 3795 759 3841 OREMUS.

151 3912 211 3999 (1.)
237 3909 385 3976 Concede
393 3929 452 3972 nos
466 3906 600 3971 famulos
615 3915 697 3982 tuos,
714 3928 908 3992 quaesumus,
921 3909 1059 3976 Domine
1071 3913 1171 3995 Deus,
1187 3939 1260 4003 per.

104 4048 205 4125 petua
228 4037 344 4102 mentis
370 4043 403 4101 et
428 4033 568 4119 eorporis
592 4032 727 4098 sanitate
750 4033 897 4119 gaudere,
928 4048 962 4102 et
990 4038 1127 4123 gloriose
1155 4043 1258 4110 beetae

106 4163 225 4230 Meriae
240 4182 365 4245 semper
379 4157 510 4244 virginis
523 4158 750 4228 intercessione
765 4182 785 4225 n
799 4164 948 4246 praesenti
971 4165 1098 4232 liberari
1120 4170 1258 4251 tristitie,

105 4299 140 4354 et
154 4289 261 4356 future
275 4283 531 4372 perfruilaetitie,
547 4306 606 4371 per
