3040 5074
241 493 302 552 162
623 495 855 544 tuoto-sexos
878 494 1009 540 arrum..

239 669 308 732 ego,
335 645 400 710 illio
429 651 462 708 ct
490 637 633 704 minister
662 656 752 699 meus
781 632 850 700 erit.
898 632 932 696 Si
958 631 1030 718 quis
1055 629 1132 694 mihi
1159 627 1393 702 ministraverit,

237 769 457 836 honorificabit
470 785 544 832 eum
562 765 657 830 Pater
672 785 771 828 meus.
1501 737 1502 818 i

285 899 343 981 (⁶2.)
381 895 532 980 Sumptis,
564 893 711 968 Domine,
742 887 956 963 sacramentis,
993 908 1187 971 quaesurnus,
1226 895 1263 948 ut
1299 883 1400 946 iuter·
1501 919 1502 924 κ

241 1023 373 1088 cedente
392 1024 494 1102 beato,
510 1019 554 1098 il',
570 1029 708 1129 mprtyre
729 1027 795 1094 tuo,
816 1015 857 1081 ad
875 1013 1101 1098 redemptionis
1117 1023 1247 1120 aeternp,
1270 1032 1400 1098 quaesu·

240 1167 320 1222 mus,
337 1145 537 1230 proficiamus
552 1155 766 1228 augmentum,
783 1163 840 1228 per
1502 1152 1503 1246 p

290 1273 351 1355 (3.)
377 1271 450 1336 Co'.
474 1265 540 1344 Qui
555 1268 625 1334 vult
639 1267 745 1334 venire
760 1276 834 1354 post
849 1287 908 1331 me.

548 1473 585 1518 ιιι
609 1457 725 1518 unrnu’
742 1499 875 1519 ......
891 1441 1092 1518 usnmnuiu.

287 1591 345 1674 (1.)
371 1590 420 1653 A’.
449 1586 599 1652 Judieant
625 1586 725 1652 sancti
750 1595 862 1672 gentes
888 1597 922 1652 et
947 1587 1149 1652 dominantur
1175 1588 1311 1673 populis,
1328 1611 1398 1674 reg·

243 1715 330 1780 navit
359 1713 518 1795 Dominus
548 1712 639 1776 Deus
674 1711 800 1776 illorum
834 1711 868 1775 in
906 1723 1104 1798 perpetuum
1166 1714 1261 1780 Salus
1291 1724 1399 1780 autem
1503 1693 1504 1698 ἵ

241 1841 409 1926 justorum.

287 1966 347 2049 (2.)
375 1963 494 2041 Presta,
517 1985 709 2050 quaesumus,
733 1963 933 2050 omnipotens
955 1965 1055 2041 Deus,
1078 1975 1115 2030 ut
1131 1967 1298 2031 beatorum
1319 1987 1401 2030 mar.

243 2103 346 2178 tyrum
370 2089 546 2174 solempnia
568 2096 778 2163 recensentes,
800 2087 921 2153 meritis
945 2087 1087 2174 ipsorum
1108 2089 1296 2174 adjuvemur
1308 2092 1352 2174 (Ρ)
1369 2102 1402 2156 et

245 2217 403 2302 precibus,
421 2239 478 2302 per

565 2355 654 2418 sacr
680 2370 838 2416 nersroun
860 2371 904 2413 nn
927 2370 1089 2416 naeuos.

292 2484 351 2567 (l.)
377 2484 513 2560 Fratres,
531 2481 632 2547 saneti
647 2479 784 2546 ludibria
803 2489 836 2544 et
856 2479 987 2544 verbera
1008 2479 1141 2566 experti,
1163 2491 1312 2567 marty..
1331 2529 1338 2545 .
1505 2533 1506 2554 ,

246 2609 373 2675 vincula
387 2617 421 2674 et
435 2629 585 2674 carceres

462 3003 475 3032 I
505 3004 631 3050 INCIPIT
652 3003 769 3048 YMNUS
791 3003 835 3046 AI)
859 3003 994 3047 PRIMAM
1018 3003 1148 3048 ΗΘΚΛΜ.

575 3113 638 3161 ῢωιιι
649 3114 698 3161 tide
720 3113 794 3160 lehtee
819 3111 915 3160 eheIene
943 3113 1022 3174 tunglo

599 3177 672 3241 Jam
716 3175 797 3239 lucis
833 3185 903 3240 orto
932 3176 1035 3240 sidere

637 3280 683 3342 god
763 3277 832 3326 bidde
844 3293 872 3325 re
936 3279 1066 3326 boensendo

598 3343 705 3406 Deum
728 3361 894 3426 precamur
920 3341 1081 3426 supplices

619 3447 663 3504 ’fite
674 3479 681 3493 .
693 3478 718 3492 ..
768 3445 862 3507 daeglici
917 3447 1002 3494 dedum

601 3507 650 3570 Ut
665 3554 672 3570 .
685 3553 693 3570 .
706 3552 734 3571 ..
758 3507 880 3572 diurnis
900 3509 1023 3573 actibus

565 3633 567 3638 ·
615 3609 666 3670 rsig
708 3609 787 3670 gihald
810 3609 867 3658 from
900 3611 1034 3661 mittendi
1063 3659 1066 3664 .

602 3671 671 3736 Nos
695 3681 799 3736 servet
827 3696 847 3738 a
876 3676 1072 3740 nocentibus.

625 3773 720 3836 ..giret
774 3776 870 3837 gaudet
927 3778 1026 3842 gimetga

601 3881 731 3900 ......
758 3839 883 3904 frenans
904 3849 1061 3927 temperat

577 3940 613 4003 ey
624 3941 667 3990 laer
698 3940 751 3989 ‘ciiu
775 3942 875 3990 ondeslio
918 3978 947 3991 ..
967 3977 998 3992 ..

603 4003 653 4067 Ne
682 3956 748 4068 iitis
777 4026 864 4068 orror
893 4005 1018 4071 insonat

607 4106 697 4170 gisihde
741 4105 791 4154 mi&
803 4107 869 4170 helpe
917 4108 1014 4171 giscilda

599 4215 704 4233 .....
734 4170 869 4234 fovendo
893 4171 1030 4236 concitat

580 4271 664 4322 alae
712 4271 746 4321 &a
756 4274 803 4322 idio
871 4275 955 4338 gidaele

633 4358 651 4399 e
682 4336 835 4402 vanitates
857 4337 968 4404 auriat.
