2986 5074
232 443 274 508 36
613 454 842 502 suono-saxon
865 455 999 498 arrum.

266 598 365 662 diopliea
419 614 449 646 ne
488 596 551 646 l'laet
561 595 596 644 bv
651 604 754 658 onerrlge
789 595 1030 655 §tevesietosliteno
1055 611 1080 644 se
1120 594 1164 642 bec
1174 597 1206 642 m'

233 662 389 728 diabolica
402 682 466 726 non
498 660 584 728 sinas
612 659 791 724 incursione
842 657 981 736 lacerari,
1035 658 1092 744 qui
1106 667 1212 723 tecum

251 842 306 888 um
339 841 425 886 surrr
458 837 628 884 curruum
661 837 699 882 nu
732 834 878 880 tarnum
909 833 1054 889 rumores,
1091 811 1115 902 p
1145 831 1183 888 rs,
1217 830 1264 874 ou
1297 829 1375 874 nrm

753 920 866 965 nasas.

400 1035 444 1084 bas
499 1033 571 1083 evoe&
663 1031 735 1082 ‹lrlht'
821 1031 979 1096 ymbhpmsa
1003 1047 1087 1096 poegas
1186 1028 1261 1078 hieru'
1363 1045 1381 1092 7

280 1101 341 1187 (1.)
377 1100 468 1168 Haec
499 1097 578 1162 dicit
613 1096 781 1172 Dominus,
829 1096 970 1161 Circuite
1014 1095 1080 1159 vias
1110 1093 1323 1170 Hierusalem,
1356 1102 1390 1156 et

247 1202 359 1258 bihmdat
424 1217 442 1266 7
528 1199 651 1264 gisoeapali
716 1216 734 1264 7
776 1198 857 1248 memb
911 1200 937 1247 in
956 1197 1247 1262 plargipordlonploeerm
1367 1196 1381 1242 l

238 1268 370 1354 aspicite
409 1274 443 1330 et
482 1263 687 1340 considerate,
704 1272 737 1327 et
752 1262 875 1349 querite
904 1261 938 1326 in
1033 1260 1147 1346 plateis
1234 1260 1303 1344 ejus
1348 1281 1391 1324 an

236 1373 351 1434 gimoeton
361 1370 398 1432 gie
463 1383 519 1431 poet
615 1367 691 1414 doend
819 1367 873 1414 dom
955 1379 972 1428 7
1038 1365 1147 1412 soecende
1244 1364 1293 1412 lva
1361 1378 1379 1426 7

237 1432 405 1498 inveniatis
437 1429 538 1493 virum
566 1427 734 1494 facientem
756 1427 921 1514 judicium,
948 1438 982 1492 et
1011 1437 1194 1514 querentem
1220 1425 1325 1504 fidem,
1357 1437 1392 1491 et
1456 1497 1457 1500 Ἰ

269 1537 367 1584 milsend
403 1533 498 1582 iobinm
541 1532 578 1580 hir

236 1599 392 1686 propitius
428 1617 482 1660 ero
521 1595 598 1680 ejus

358 1747 458 1798 stondall
519 1746 554 1795 οῖ’
594 1761 728 1824 poqgas7
787 1745 868 1824 glsealt
917 1762 935 1811 7
978 1744 1128 1824 'glfiaignalt
1205 1745 1232 1794 of
1293 1746 1376 1821 sedym

282 1815 342 1899 (2.)
369 1814 458 1877 State
487 1832 582 1894 super
608 1831 675 1874 vras
703 1819 736 1874 et
769 1811 884 1888 vrdete,
915 1819 948 1874 et
976 1818 1168 1895 mterrogate
1197 1810 1237 1873 de
1268 1817 1394 1873 semrtrs
1461 1836 1462 1858 1

293 1918 345 1964 aldi
402 1913 482 1962 hroelo
509 1913 543 1960 sie
565 1928 624 1976 poeg
663 1914 709 1975 god
775 1927 791 1976 7
856 1913 961 1976 geonge&
1017 1930 1048 1962 on
1083 1912 1135 1962 aar
1167 1928 1184 1976 7
1223 1913 1260 1974 gie
1271 1911 1393 1974 gimoetalt
1462 1920 1463 1934 ¹

239 1977 386 2063 antiquis,
415 1996 479 2088 quq
509 1975 550 2039 sit
571 1975 623 2040 via
647 1977 739 2052 bona,
770 1986 804 2041 et
833 1978 991 2042 ambulate
1020 1977 1055 2042 in
1083 1999 1130 2054 ea,
1161 1986 1194 2042 et
1222 1973 1395 2040 invenietis

286 2080 397 2129 coaluisse
493 2078 557 2140 saplr
658 2078 709 2140 ἱρή

238 2143 434 2229 refrigerium
450 2137 613 2205 animabus
627 2141 748 2206 vestris.

399 2292 456 2341 alles
466 2291 555 2354 hergles
626 2294 672 2356 god
737 2291 792 2341 Isr‘l
872 2281 931 2357 godo
983 2294 1045 2343 duait
1090 2310 1175 2359 poegas
1238 2293 1302 2342 iuero
1366 2307 1384 2354 Ἰ
1467 2342 1468 2358 Ἰ

284 2357 343 2441 (3.)
368 2355 577 2422 Exercituum
597 2355 689 2420 Deus
716 2356 823 2434 lsrael,
852 2358 951 2422 bonas
973 2357 1068 2423 facite
1105 2359 1171 2422 vias
1207 2366 1327 2421 vestras
1361 2365 1398 2418 et
1468 2426 1469 2442 Ἰ

250 2461 319 2508 medo
391 2457 434 2507 ivr’
500 2473 517 2522 7
567 2459 646 2522 icbya
742 2461 791 2508 ivih
801 2459 852 2508 mit
901 2463 926 2509 in
967 2470 1031 2510 storo
1054 2460 1120 2510 bissi
1152 2478 1182 2509 on
1206 2461 1274 2509 eorde
1339 2461 1362 2518 ὕ

239 2523 342 2588 stadia
360 2532 473 2599 vestra,
489 2531 522 2586 et
536 2521 685 2587 habitabo
714 2524 875 2588 vobiscum
901 2524 935 2588 in
962 2525 1033 2590 loeo
1058 2525 1119 2590 isto
1148 2524 1183 2587 in
1198 2533 1282 2590 terra
1296 2544 1398 2610 quam

239 2626 332 2674 iosalde
369 2626 461 2673 laedor?
534 2626 608 2674 iurvm
646 2627 683 2674 fro
708 2627 803 2690 porvlde
846 2642 862 2691 7
928 2626 955 2690 p’
1085 2629 1180 2691 porvlde

252 2688 325 2752 dedi
346 2689 490 2774 patribus
513 2689 626 2754 vestris
656 2711 676 2754 a
706 2689 813 2754 seculo
839 2701 872 2754 et
892 2712 994 2777 usque
1016 2691 1052 2755 in
1066 2691 1218 2757 seculum.

410 2822 469 2871 nobt
507 2822 662 2886 vegiboeliga
693 2824 795 2887 gidvoles
844 2825 861 2873 s

241 2891 258 2966 [
259 2932 365 2950 .....
367 2891 382 2965 ]
396 2885 477 2950 nihil
502 2887 661 2972 patiamur
682 2887 804 2966 erroris,
821 2911 879 2975 per
893 2889 1068 2955 Dominum

404 3024 450 3086 god
491 3021 570 3072 brba
614 3021 637 3099 ff
733 3025 739 3037 '
872 3027 930 3074 from
962 3027 1040 3076 naehte
1094 3029 1154 3076 dedo
1229 3045 1282 3078 vasa
1335 3030 1399 3080 from

290 3085 348 3168 (1.)
373 3085 474 3164 Deus,
507 3085 562 3172 qui
591 3085 676 3151 drem
729 3088 858 3154 lacernis
894 3112 914 3154 a
945 3100 1048 3168 noete,
1079 3100 1169 3156 aetus
1193 3103 1317 3158 nostros
1355 3116 1378 3158 a

309 3185 399 3238 &iortra
510 3189 600 3250 glsoeud
689 3191 757 3239 miste
833 3194 878 3254 ‘pte
933 3195 1006 3256 symle
1063 3193 1139 3243 balle
1190 3196 1264 3258 helgo
1328 3199 1388 3246 aron

245 3251 446 3316 tenebrarum
468 3250 627 3336 distingue
650 3253 795 3338 caligine,
838 3270 875 3318 ut
911 3277 1035 3341 semper
1070 3275 1135 3354 quq
1171 3269 1281 3324 sancta
1319 3271 1400 3326 sunt

277 3351 397 3401 tentando
461 3354 487 3401 in
510 3353 594 3402 binum
621 3357 735 3418 symlinga
782 3357 831 3404 leht
895 3358 971 3407 veliis
1041 3359 1059 3408 δ

245 3415 444 3492 meditantes,
459 3416 494 3479 in
530 3427 586 3482 tna
618 3418 740 3502 jugiter
768 3419 840 3483 luce
855 3419 1006 3498 vivamus,
1022 3445 1079 3512 per
1094 3423 1137 3487 D'

360 3549 545 3628 geleilonogunoo
583 3552 690 3614 gidoeve
764 3551 836 3600 driht’
933 3557 1014 3621 hnelga
1070 3560 1143 3611 faeder
1249 3564 1312 3614 allm'

293 3613 352 3696 (2.)
391 3615 519 3678 Gratias
566 3614 698 3697 agimus,
729 3613 877 3694 Domine,
919 3632 1027 3686 sancte
1059 3635 1151 3710 pater
1185 3629 1399 3716 omnipotens,

298 3733 337 3764 ece
417 3719 462 3779 god
503 3716 580 3793 &vlle
596 3717 647 3778 rsig
678 3717 816 3766 oferdoenel
838 3721 927 3770 naehtes
969 3741 1033 3775 rume
1075 3737 1100 3778 to
1131 3734 1292 3795 morgenliorm
1314 3737 1393 3786 tidvm

248 3789 375 3844 aeterne
389 3780 491 3858 Deus,
513 3801 568 3864 qur
582 3800 648 3856 nos,
661 3789 819 3846 transacto
831 3785 932 3850 noctis
943 3790 1054 3872 spatio,
1068 3794 1108 3858 ad
1119 3797 1290 3862 matutinas
1304 3799 1402 3866 horas

281 3883 400 3931 berblaede
442 3883 599 3958 glmosdvmad
625 3881 668 3930 ar‘ll
741 3887 828 3934 vebid'
893 3893 947 3957 lite,
969 3891 1003 3942 liv
1013 3895 1063 3957 gefe
1128 3914 1155 3947 vs
1237 3900 1256 3965 Π
1315 3902 1403 3953 illosne

249 3948 422 4031 perducere
445 3947 595 4028 drgnatus
624 3967 667 4022 es,
694 3968 874 4032 quesumus,
902 3964 939 4019 ut
967 3956 1065 4022 dones
1094 3962 1186 4027 nobis
1206 3965 1289 4029 diem
1311 3966 1403 4033 hune

249 4051 321 4097 butan
373 4063 447 4110 synna
522 4045 555 4093 of'
565 4047 614 4095 fura
711 4049 776 4112 elib
857 4063 882 4103 to
953 4061 1034 4110 efenne
1122 4063 1154 4113 lle
1193 4068 1251 4130 gode
1315 4072 1384 4132 geal‘o

250 4112 318 4176 sine
343 4119 490 4260 peccato&
500 4110 641 4188 transire,
670 4124 826 4200 quatenus
851 4120 891 4184 ad
915 4143 1080 4210 vesperum
1108 4127 1167 4192 tibi
1191 4131 1263 4196 Deo
1280 4133 1404 4217 gratias

249 4217 283 4263 eft
294 4233 321 4263 ve
332 4217 418 4275 brenga

250 4278 431 4354 referamus,
447 4299 504 4364 per
520 4277 692 4343 Dominum
