3040 5074
261 515 301 575 98
642 529 878 572 anano-saxon
902 528 1036 572 mrum.

307 669 387 717 tidana
451 669 487 717 fro
530 667 624 731 frymte
691 669 771 718 earlie'
819 671 927 732 ginmnen
986 668 1102 715 monnio?
1134 668 1286 731 giprnvnissi
1365 674 1400 720 eft

260 742 438 818 temporum
464 755 484 797 a
508 733 657 818 voragine
683 741 769 804 terre
792 734 951 798 abstracta
973 731 1120 796 humanis
1158 731 1269 799 usibus
1315 735 1425 800 reddi·

260 837 345 912 saldcst
401 836 451 911 gese
516 834 569 882 tin’
627 837 720 913 ginpht'
753 807 893 900 *gislenus

259 899 344 976 distr,
371 909 474 1006 gratrp
507 908 572 963 tuae
598 899 745 985 largitate
772 899 917 976 emunda,
941 921 998 984 per

501 1129 702 1176 BENEchrlo
725 1129 972 1180 QUORUMLIBET
993 1127 1161 1172 VASORUM.

422 1270 524 1318 soildend
594 1269 729 1396 fiqileaffvlra
808 1269 838 1316 od
919 1267 1108 1316 vnderliiodende
1166 1268 1198 1316 lie
1292 1287 1372 1333 synna

306 1331 364 1415 (l.)
391 1331 556 1398 Protector

303 1436 381 1496 byend
495 1437 583 1485 vebid’
658 1438 702 1495 tto
734 1434 1089 1498 livgiclaensia[l]smyltlicvm
1114 1433 1159 1482 ain
1207 1435 1293 1484 arbest’
1358 1436 1406 1485 &aa

260 1496 426 1575 habitator,
457 1521 638 1584 quesumus,
666 1508 728 1586 ut¹
818 1497 936 1561 saneris
950 1496 991 1581 (ἲ)
1107 1507 1164 1607 tuq
1190 1499 1318 1584 pietatis
1338 1499 1420 1564 haee

303 1602 350 1649 fato
408 1620 454 1652 svae
503 1604 608 1666 giinlihte
641 1601 846 1664 &vgimeodomest
868 1603 912 1662 pte
977 1602 1059 1663 gistige
1157 1602 1191 1649 of'
1244 1601 1278 1650 lia
1326 1603 1389 1664 gefo'

617 1333 736 1396 delium
773 1332 873 1408 Deus,
914 1331 1112 1396 subditorum
1152 1331 1211 1398 tibi
1251 1344 1420 1419 pectorum
1496 1391 1497 1414 ,

260 1665 386 1730 vascula
407 1666 453 1730 ita
474 1665 642 1731 inlustrare
674 1664 821 1749 digneris,
871 1673 907 1728 ut
932 1664 1103 1728 descendat
1126 1686 1279 1750 superea
1303 1667 1418 1749 gratiae
1496 1691 1497 1694 ¹

261 1765 336 1816 binrae
391 1769 517 1846 bloedsvnq
558 1769 734 1832 moniglald'7
784 1766 834 1814 mitt
899 1767 1026 1814 halvoende
1107 1768 1235 1816 bruccendr
1284 1767 1318 1816 ila
1363 1769 1394 1816 he

275 1841 330 1894 tue
360 1832 536 1896 benedictro
573 1832 669 1916 larga,
708 1841 741 1894 et
769 1852 842 1895 cum
871 1830 1056 1894 salubritate
1085 1831 1249 1895 utentibus
1279 1853 1318 1896 ea
1346 1831 1417 1917 ipse
1496 1871 1497 1920 3

259 1931 319 1980 berh
383 1935 434 1998 gefe
525 1935 578 1983 tsin'
633 1934 783 1998 hiagiearnia
847 1934 894 1981 fato
954 1934 1071 1996 gifremme
1114 1935 1207 1982 claensia
1349 1934 1408 1984 baeh

260 2018 317 2081 per
346 1997 479 2081 gratiam
508 2007 596 2062 tuam
622 2007 802 2062 mereantur
831 2019 905 2061 vasa
946 1997 1069 2061 efficere
1103 1998 1229 2061 munda
1275 1949 1320 2062 Elt
1341 1997 1417 2062 licet

275 2100 296 2147 ic
371 2117 409 2148 am
484 2101 593 2164 vnpyrbe
656 2102 734 2148 micles
780 2099 867 2147 hernis'
900 2098 952 2147 tsin'
1049 2101 1170 2148 rimodlice
1301 2101 1376 2149 dribt’

260 2184 319 2246 ego
354 2185 424 2227 sum
464 2164 612 2249 indignus
652 2163 733 2234 tanti
769 2163 871 2239 officii,
897 2172 962 2240 tua,
993 2163 1235 2228 clementissime
1265 2164 1414 2242 Domine,

321 2283 334 2312 o
383 2268 584 2331 voegligstydende
650 2269 700 2330 pvt'
775 2274 799 2314 to
880 2267 943 2314 mini
1099 2267 1169 2329 gibed
1339 2284 1393 2316 esre

282 2350 343 2393 ona
385 2329 592 2416 locupletans,
632 2330 728 2394 etiam
772 2329 813 2393 ad
860 2351 963 2393 meam
1009 2330 1258 2394 obsecrationem
1304 2353 1415 2396 aurem

286 2433 372 2482 arfaest'
419 2434 495 2484 ainrae
543 2435 611 2498 gibeg
684 2435 729 2495 ltu
777 2433 849 2480 fearre
909 2432 968 2480 ain?
1033 2432 1095 2481 haese
1170 2433 1245 2482 beona
1293 2436 1406 2483 mennisc'

260 2493 387 2580 pietatis
427 2507 493 2563 tuae
526 2498 651 2573 inclina,
689 2505 727 2561 ut
762 2493 874 2581 procul
911 2505 967 2559 tuo
1003 2495 1136 2580 imperio
1171 2497 1247 2561 hinc
1283 2497 1413 2562 humani

286 2604 356 2662 cyrm'
419 2603 491 2652 fiond'
561 2603 667 2666 gifeania
746 2601 805 2648 fourr
879 2600 966 2648 diovles
1023 2600 1089 2648 lacon
1132 2598 1257 2648 vibstondc
1323 2602 1385 2650 fearr

258 2663 383 2746 generis
409 2665 509 2731 hostis
539 2666 697 2741 abscedat,
728 2662 840 2750 procul
868 2662 986 2728 diaboli
1015 2663 1100 2727 fraus
1129 2663 1271 2741 absistat,
1302 2665 1415 2750 procul

291 2766 333 2814 aelc
422 2769 506 2817 ridltil'
586 2769 707 2832 yfelgiom'
765 2767 890 2830 gidrygedo
954 2767 1075 2829 giidlegel
1148 2768 1182 2814 sie
1245 2768 1338 2816 alesedo
1379 2769 1414 2816 fro

258 2829 359 2893 omnis
397 2831 531 2915 pollutio
565 2831 717 2916 nequitiae
756 2831 896 2894 abstersa
935 2839 1091 2907 vanescat,
1133 2830 1197 2895 sint
1236 2830 1337 2896 libera
1365 2834 1414 2898 ab

258 2935 338 2984 aelcvm
436 2935 538 2997 ongifeht
701 2933 811 2980 coinelaci
919 2932 953 2980 f'e
1008 2931 1058 2980 bon
1133 2935 1250 2996 pyroendo
1326 2935 1399 2982 bearn

257 2999 343 3062 omni
379 2997 606 3084 inpugnatione
646 2995 871 3072 fantasmatica
908 3017 966 3080 pro
1000 3017 1063 3080 quo
1098 3006 1282 3081 operantem
1311 2997 1415 3061 filium

282 3099 326 3148 ain
424 3103 495 3150 (ln'bt'
625 3103 665 3149 vsi
779 3101 833 3149 hael'
940 3100 1004 3146 crist'
1101 3099 1170 3149 sebe
1203 3099 1248 3148 bec
1257 3099 1308 3147 mia
1352 3103 1409 3163 gilio

255 3172 347 3230 tuum
376 3165 551 3230 Dominum
580 3175 723 3229 nostrum
751 3163 861 3228 Jesum
893 3161 1065 3239 Christum,
1105 3163 1160 3248 qui
1201 3173 1309 3228 tecum
1348 3187 1414 3230 una

265 3267 316 3316 mi&
381 3277 445 3332 gasto
520 3269 587 3332 belgi
628 3268 744 3332 liofabq
793 3265 870 3314 ricsalS
936 3267 981 3328 god
1023 3267 1049 3314 in
1093 3267 1184 3330 porvld'
1257 3267 1316 3314 vorl’

256 3353 329 3396 cum
352 3333 473 3418 Spiritu
496 3333 612 3398 Sancto
626 3333 704 3396 vivit
726 3341 759 3396 et
775 3338 894 3414 regnat,
911 3329 1002 3394 Deus
1022 3329 1056 3393 in
1078 3331 1186 3395 secula
1200 3329 1393 3396 seculorum.

628 3552 830 3595 BENEDICTIO
854 3552 1029 3596 ARBORUM.

401 3692 446 3754 god
490 3690 567 3740 avae
593 3689 688 3738 baasrm
763 3696 811 3736 tree
911 3691 1087 3753 aeppilberende
1121 3689 1179 3740 tin?
1245 3693 1308 3742 haese
1388 3713 1405 3761 7

301 3753 359 3837 (1.)
384 3753 484 3831 Deus,
509 3753 564 3838 qui
607 3753 688 3816 hanc
728 3753 870 3816 arborem
910 3753 1094 3837 pomiferam
1124 3765 1180 3820 tua
1204 3757 1348 3840 jussione
1381 3771 1414 3824 et

232 3896 236 3908 ,
280 3855 427 3920 f'esoearngo
524 3856 635 3904 raexende
721 3854 797 3902 vosal
827 3857 871 3916 itte
882 3853 1018 3930 avpaldest
1061 3873 1093 3904 nv
1175 3858 1225 3920 pvt'
1300 3863 1381 3922 'pilea

254 3919 452 4004 providentia
490 3917 686 4004 progenitam
724 3939 793 3981 esse
852 3917 989 3994 volmsti,
1034 3941 1120 3984 nunc
1148 3922 1244 3986 etiam
1277 3927 1413 3990 eandem

286 4024 407 4086 gibloetsia
471 4038 488 4086 Ἰ
564 4020 663 4096 gihalgia
727 4019 908 4097 bvgimeodpm'
951 4037 979 4068 ve
989 4021 1055 4070 bidd'
1124 4025 1169 4084 bte
1202 4025 1413 4078 oebesvaebvoelc

254 4087 440 4151 benedicere
464 4094 497 4149 et
522 4084 717 4148 sanctificare
750 4084 888 4170 dignans
922 4105 1096 4168 precamur,
1128 4097 1165 4152 ut
1205 4089 1402 4177 quicumque

263 4189 289 4236 of
311 4188 363 4238 baer
427 4187 512 4236 onfoet
621 4188 657 4238 hae
683 4188 735 4236 halo
790 4203 844 4234 rosa
892 4201 981 4249 margon

253 4275 293 4316 ex
319 4275 356 4317 ea
379 4251 571 4338 sumpserint
591 4204 764 4318 incolumes
788 4272 857 4314 esse
877 4249 1012 4343 valeant,
1038 4273 1095 4337 per
