<?xml version="1.0" encoding="UTF-8"?>
<!DOCTYPE html PUBLIC "-//W3C//DTD XHTML 1.0 Transitional//EN"
    "http://www.w3.org/TR/xhtml1/DTD/xhtml1-transitional.dtd">
<html xmlns="http://www.w3.org/1999/xhtml" xml:lang="en" lang="en">
 <head>
  <title>
</title>
<meta http-equiv="Content-Type" content="text/html;charset=utf-8" />
  <meta name='ocr-system' content='tesseract 3.04.00' />
  <meta name='ocr-capabilities' content='ocr_page ocr_carea ocr_par ocr_line ocrx_word'/>
</head>
<body>
  <div class='ocr_page' id='page_1' title='image "./ritualeecclesid00churgoog_0027.png"; bbox 0 0 2986 5074; ppageno 0'>
   <div class='ocr_carea' id='block_1_1' title="bbox 263 485 1032 547">
    <p class='ocr_par' dir='ltr' id='par_1_1' title="bbox 263 485 1032 547">
     <span class='ocr_line' id='line_1_1' title="bbox 263 485 1032 547; baseline -0.003 0"><span class='ocrx_word' id='word_1_1' title='bbox 263 485 283 547; x_wconf 83' lang='lat'><strong>6</strong></span> <span class='ocrx_word' id='word_1_2' title='bbox 643 500 876 546; x_wconf 74' lang='lat' dir='ltr'><strong>suono-saxon</strong></span> <span class='ocrx_word' id='word_1_3' title='bbox 900 501 1032 545; x_wconf 75' lang='lat' dir='ltr'><strong>rurum.</strong></span> 
     </span>
    </p>
   </div>
   <div class='ocr_carea' id='block_1_2' title="bbox 261 637 1414 958">
    <p class='ocr_par' dir='ltr' id='par_1_2' title="bbox 261 637 1414 872">
     <span class='ocr_line' id='line_1_2' title="bbox 294 637 1398 704; baseline -0.003 -13"><span class='ocrx_word' id='word_1_4' title='bbox 294 643 386 692; x_wconf 85' lang='lat' dir='ltr'><strong>bihelde</strong></span> <span class='ocrx_word' id='word_1_5' title='bbox 451 639 529 704; x_wconf 67' lang='lat' dir='ltr'><strong>*lita</strong></span> <span class='ocrx_word' id='word_1_6' title='bbox 604 642 656 702; x_wconf 78' lang='lat' dir='ltr'><strong>put’</strong></span> <span class='ocrx_word' id='word_1_7' title='bbox 720 641 740 700; x_wconf 64' lang='lat' dir='ltr'><strong>b</strong></span> <span class='ocrx_word' id='word_1_8' title='bbox 822 637 925 688; x_wconf 86' lang='lat' dir='ltr'><strong>soeomlio</strong></span> <span class='ocrx_word' id='word_1_9' title='bbox 1038 639 1118 702; x_wconf 82' lang='lat' dir='ltr'><strong>sigbeh</strong></span> <span class='ocrx_word' id='word_1_10' title='bbox 1194 640 1310 690; x_wconf 83' lang='lat' dir='ltr'><strong>hisonfoe</strong></span> <span class='ocrx_word' id='word_1_11' title='bbox 1366 657 1398 688; x_wconf 87' lang='lat' dir='ltr'><strong>ve</strong></span> 
     </span>
     <span class='ocr_line' id='line_1_3' title="bbox 261 702 1414 791; baseline -0.003 -21"><span class='ocrx_word' id='word_1_12' title='bbox 261 707 416 782; x_wconf 85' lang='lat' dir='ltr'><strong>abstinet3</strong></span> <span class='ocrx_word' id='word_1_13' title='bbox 443 715 476 769; x_wconf 91' lang='lat' dir='ltr'><strong>et</strong></span> <span class='ocrx_word' id='word_1_14' title='bbox 489 703 537 770; x_wconf 92' lang='lat' dir='ltr'><strong>illi</strong></span> <span class='ocrx_word' id='word_1_15' title='bbox 553 703 689 790; x_wconf 90' lang='lat' dir='ltr'><strong>quidem,</strong></span> <span class='ocrx_word' id='word_1_16' title='bbox 705 713 742 768; x_wconf 93' lang='lat' dir='ltr'><strong>ut</strong></span> <span class='ocrx_word' id='word_1_17' title='bbox 757 702 993 788; x_wconf 82' lang='lat' dir='ltr'><strong>corruptibilem</strong></span> <span class='ocrx_word' id='word_1_18' title='bbox 1008 724 1156 768; x_wconf 88' lang='lat' dir='ltr'><strong>coronam</strong></span> <span class='ocrx_word' id='word_1_19' title='bbox 1170 705 1336 791; x_wconf 72' lang='lat' dir='ltr'>accipiant,</span> <span class='ocrx_word' id='word_1_20' title='bbox 1352 726 1414 768; x_wconf 90' lang='lat' dir='ltr'><strong>nos</strong></span> 
     </span>
     <span class='ocr_line' id='line_1_4' title="bbox 295 809 552 872; baseline -0.008 -16"><span class='ocrx_word' id='word_1_21' title='bbox 295 812 346 872; x_wconf 83' lang='lat' dir='ltr'><strong>put&#39;</strong></span> <span class='ocrx_word' id='word_1_22' title='bbox 410 809 552 856; x_wconf 84' lang='lat' dir='ltr'><strong>rnsoeomlio&#39;</strong></span> 
     </span>
    </p>

    <p class='ocr_par' dir='ltr' id='par_1_3' title="bbox 263 871 608 958">
     <span class='ocr_line' id='line_1_5' title="bbox 263 871 608 958; baseline -0.003 -21"><span class='ocrx_word' id='word_1_23' title='bbox 263 883 369 937; x_wconf 89' lang='lat' dir='ltr'><strong>autem</strong></span> <span class='ocrx_word' id='word_1_24' title='bbox 384 871 608 958; x_wconf 82' lang='lat' dir='ltr'><strong>incorruptam.</strong></span> 
     </span>
    </p>
   </div>
   <div class='ocr_carea' id='block_1_3' title="bbox 261 1002 1415 1654">
    <p class='ocr_par' dir='ltr' id='par_1_4' title="bbox 261 1002 1415 1654">
     <span class='ocr_line' id='line_1_6' title="bbox 348 1002 1414 1070; baseline 0.001 -17"><span class='ocrx_word' id='word_1_25' title='bbox 348 1067 350 1070; x_wconf 22' lang='grc' dir='ltr'>Ι</span> <span class='ocrx_word' id='word_1_26' title='bbox 407 1003 493 1054; x_wconf 73' lang='lat' dir='ltr'><strong>broitro</strong></span> <span class='ocrx_word' id='word_1_27' title='bbox 557 1005 578 1052; x_wconf 85' lang='lat' dir='ltr'><strong>ic</strong></span> <span class='ocrx_word' id='word_1_28' title='bbox 617 1002 706 1052; x_wconf 63' lang='lat' dir='ltr'><strong>orblioe</strong></span> <span class='ocrx_word' id='word_1_29' title='bbox 733 1019 774 1053; x_wconf 85' lang='lat' dir='ltr'><strong>svs</strong></span> <span class='ocrx_word' id='word_1_30' title='bbox 800 1003 895 1053; x_wconf 84' lang='lat' dir='ltr'><strong>icioma</strong></span> <span class='ocrx_word' id='word_1_31' title='bbox 943 1020 974 1053; x_wconf 90' lang='lat' dir='ltr'><strong>no</strong></span> <span class='ocrx_word' id='word_1_32' title='bbox 1016 1005 1097 1054; x_wconf 80' lang='lat' dir='ltr'><strong>svoelce</strong></span> <span class='ocrx_word' id='word_1_33' title='bbox 1129 1006 1155 1053; x_wconf 86' lang='lat' dir='ltr'><strong>in</strong></span> <span class='ocrx_word' id='word_1_34' title='bbox 1203 1006 1318 1070; x_wconf 81' lang='lat' dir='ltr'><strong>rnpnted&#39;</strong></span> <span class='ocrx_word' id='word_1_35' title='bbox 1364 1021 1414 1069; x_wconf 74' lang='lat' dir='ltr'><strong>srae</strong></span> 
     </span>
     <span class='ocr_line' id='line_1_7' title="bbox 308 1067 1415 1156; baseline 0.001 -23"><span class='ocrx_word' id='word_1_36' title='bbox 308 1069 367 1152; x_wconf 82' lang='grc'><strong>(3.)</strong></span> <span class='ocrx_word' id='word_1_37' title='bbox 385 1068 521 1145; x_wconf 83' lang='lat' dir='ltr'><strong>Fratres,</strong></span> <span class='ocrx_word' id='word_1_38' title='bbox 538 1089 597 1152; x_wconf 91' lang='lat' dir='ltr'><strong>ego</strong></span> <span class='ocrx_word' id='word_1_39' title='bbox 611 1067 709 1152; x_wconf 89' lang='lat' dir='ltr'><strong>igitur</strong></span> <span class='ocrx_word' id='word_1_40' title='bbox 731 1068 777 1132; x_wconf 86' lang='lat' dir='ltr'><strong>sio</strong></span> <span class='ocrx_word' id='word_1_41' title='bbox 799 1089 899 1145; x_wconf 86' lang='lat' dir='ltr'><strong>curro,</strong></span> <span class='ocrx_word' id='word_1_42' title='bbox 923 1089 987 1133; x_wconf 89' lang='lat' dir='ltr'><strong>uon</strong></span> <span class='ocrx_word' id='word_1_43' title='bbox 1011 1069 1101 1156; x_wconf 86' lang='lat' dir='ltr'><strong>quasi</strong></span> <span class='ocrx_word' id='word_1_44' title='bbox 1123 1068 1156 1132; x_wconf 88' lang='lat' dir='ltr'><strong>in</strong></span> <span class='ocrx_word' id='word_1_45' title='bbox 1170 1069 1343 1148; x_wconf 82' lang='lat' dir='ltr'><strong>incertum3</strong></span> <span class='ocrx_word' id='word_1_46' title='bbox 1366 1069 1415 1134; x_wconf 84' lang='lat' dir='ltr'><strong>sic</strong></span> 
     </span>
     <span class='ocr_line' id='line_1_8' title="bbox 271 1170 1409 1235; baseline 0 -15"><span class='ocrx_word' id='word_1_47' title='bbox 271 1172 366 1220; x_wconf 85' lang='lat' dir='ltr'><strong>icfehto</strong></span> <span class='ocrx_word' id='word_1_48' title='bbox 441 1186 472 1220; x_wconf 90' lang='lat' dir='ltr'><strong>no</strong></span> <span class='ocrx_word' id='word_1_49' title='bbox 529 1172 617 1220; x_wconf 83' lang='lat' dir='ltr'><strong>sroeloe</strong></span> <span class='ocrx_word' id='word_1_50' title='bbox 678 1171 724 1233; x_wconf 68' lang='lat' dir='ltr'><strong>ipit</strong></span> <span class='ocrx_word' id='word_1_51' title='bbox 828 1170 954 1219; x_wconf 65' lang='lat' dir='ltr'><strong>bersoendo</strong></span> <span class='ocrx_word' id='word_1_52' title='bbox 1041 1172 1072 1220; x_wconf 85' lang='lat' dir='ltr'><strong>ah</strong></span> <span class='ocrx_word' id='word_1_53' title='bbox 1101 1171 1291 1235; x_wconf 83' lang='lat' dir='ltr'><strong>betololaensigo</strong></span> <span class='ocrx_word' id='word_1_54' title='bbox 1315 1172 1409 1222; x_wconf 82' lang='lat' dir='ltr'><strong>lioh’ma</strong></span> 
     </span>
     <span class='ocr_line' id='line_1_9' title="bbox 261 1234 1414 1321; baseline 0.001 -22"><span class='ocrx_word' id='word_1_55' title='bbox 261 1257 379 1321; x_wconf 88' lang='lat' dir='ltr'><strong>pugno,</strong></span> <span class='ocrx_word' id='word_1_56' title='bbox 425 1256 490 1298; x_wconf 91' lang='lat' dir='ltr'><strong>non</strong></span> <span class='ocrx_word' id='word_1_57' title='bbox 530 1234 621 1320; x_wconf 84' lang='lat' dir='ltr'>quasi</span> <span class='ocrx_word' id='word_1_58' title='bbox 660 1255 757 1298; x_wconf 86' lang='lat' dir='ltr'><strong>aeram</strong></span> <span class='ocrx_word' id='word_1_59' title='bbox 800 1236 987 1312; x_wconf 82' lang='lat' dir='ltr'><strong>verberans3</strong></span> <span class='ocrx_word' id='word_1_60' title='bbox 1031 1235 1087 1299; x_wconf 86' lang='lat' dir='ltr'><strong>sed</strong></span> <span class='ocrx_word' id='word_1_61' title='bbox 1132 1235 1252 1320; x_wconf 85' lang='lat' dir='ltr'><strong>castigo</strong></span> <span class='ocrx_word' id='word_1_62' title='bbox 1296 1247 1414 1320; x_wconf 84' lang='lat' dir='ltr'><strong>corpus</strong></span> 
     </span>
     <span class='ocr_line' id='line_1_10' title="bbox 294 1336 1399 1400; baseline 0.001 -15"><span class='ocrx_word' id='word_1_63' title='bbox 294 1339 344 1385; x_wconf 93' lang='lat' dir='ltr'><strong>min</strong></span> <span class='ocrx_word' id='word_1_64' title='bbox 419 1351 436 1400; x_wconf 70' lang='grc' dir='ltr'>Ἰ</span> <span class='ocrx_word' id='word_1_65' title='bbox 476 1338 501 1385; x_wconf 95' lang='lat' dir='ltr'><strong>in</strong></span> <span class='ocrx_word' id='word_1_66' title='bbox 546 1336 854 1386; x_wconf 73' lang='lat' dir='ltr'><strong>nedhemisselinbearloe</strong></span> <span class='ocrx_word' id='word_1_67' title='bbox 898 1337 988 1399; x_wconf 85' lang='lat' dir='ltr'><strong>icbego·</strong></span> <span class='ocrx_word' id='word_1_68' title='bbox 1065 1336 1150 1400; x_wconf 73' lang='lat' dir='ltr'><strong>bylaes</strong></span> <span class='ocrx_word' id='word_1_69' title='bbox 1238 1337 1288 1386; x_wconf 75' lang='lat' dir='ltr'><strong>mia</strong></span> <span class='ocrx_word' id='word_1_70' title='bbox 1338 1337 1399 1386; x_wconf 68' lang='lat' dir='ltr'><strong>obt?</strong></span> 
     </span>
     <span class='ocr_line' id='line_1_11' title="bbox 261 1399 1415 1484; baseline 0.003 -20"><span class='ocrx_word' id='word_1_71' title='bbox 261 1422 378 1476; x_wconf 88' lang='lat' dir='ltr'><strong>meum,</strong></span> <span class='ocrx_word' id='word_1_72' title='bbox 409 1410 443 1464; x_wconf 91' lang='lat' dir='ltr'><strong>et</strong></span> <span class='ocrx_word' id='word_1_73' title='bbox 472 1401 504 1464; x_wconf 91' lang='lat' dir='ltr'><strong>in</strong></span> <span class='ocrx_word' id='word_1_74' title='bbox 592 1400 776 1464; x_wconf 84' lang='lat' dir='ltr'><strong>servitutem</strong></span> <span class='ocrx_word' id='word_1_75' title='bbox 877 1399 996 1484; x_wconf 88' lang='lat' dir='ltr'><strong>redigo,</strong></span> <span class='ocrx_word' id='word_1_76' title='bbox 1040 1400 1184 1478; x_wconf 84' lang='lat' dir='ltr'><strong>neforte,</strong></span> <span class='ocrx_word' id='word_1_77' title='bbox 1230 1423 1304 1466; x_wconf 88' lang='lat' dir='ltr'><strong>oum</strong></span> <span class='ocrx_word' id='word_1_78' title='bbox 1341 1401 1415 1468; x_wconf 88' lang='lat' dir='ltr'><strong>aliis</strong></span> 
     </span>
     <span class='ocr_line' id='line_1_12' title="bbox 309 1501 1011 1567; baseline -0.001 -14"><span class='ocrx_word' id='word_1_79' title='bbox 309 1503 437 1567; x_wconf 87' lang='lat' dir='ltr'><strong>iomersigo</strong></span> <span class='ocrx_word' id='word_1_80' title='bbox 534 1504 604 1552; x_wconf 80' lang='lat' dir='ltr'><strong>seolla</strong></span> <span class='ocrx_word' id='word_1_81' title='bbox 654 1503 752 1567; x_wconf 72' lang='lat' dir='ltr'><strong>f’cyaed</strong></span> <span class='ocrx_word' id='word_1_82' title='bbox 795 1501 1011 1566; x_wconf 82' lang='lat' dir='ltr'><strong>iosiegifremmad.</strong></span> 
     </span>
     <span class='ocr_line' id='line_1_13' title="bbox 261 1565 963 1654; baseline -0.003 -22"><span class='ocrx_word' id='word_1_83' title='bbox 261 1567 507 1654; x_wconf 77' lang='lat' dir='ltr'><strong>praedicaverim,</strong></span> <span class='ocrx_word' id='word_1_84' title='bbox 534 1567 602 1654; x_wconf 91' lang='lat' dir='ltr'><strong>ipse</strong></span> <span class='ocrx_word' id='word_1_85' title='bbox 628 1568 780 1654; x_wconf 89' lang='lat' dir='ltr'><strong>reprobus</strong></span> <span class='ocrx_word' id='word_1_86' title='bbox 838 1565 963 1630; x_wconf 78' lang='lat' dir='ltr'><strong>efficiar.</strong></span> 
     </span>
    </p>
   </div>
   <div class='ocr_carea' id='block_1_4' title="bbox 775 1773 887 1818">
    <p class='ocr_par' dir='ltr' id='par_1_5' title="bbox 775 1773 887 1818">
     <span class='ocr_line' id='line_1_14' title="bbox 775 1773 887 1818; baseline -0.018 0"><span class='ocrx_word' id='word_1_87' title='bbox 775 1773 812 1818; x_wconf 84' lang='lat' dir='ltr'><strong>IN</strong></span> <span class='ocrx_word' id='word_1_88' title='bbox 835 1773 887 1818; x_wconf 74' lang='lat' dir='ltr'><strong>Lx.</strong></span> 
     </span>
    </p>
   </div>
   <div class='ocr_carea' id='block_1_5' title="bbox 307 1881 1414 2238">
    <p class='ocr_par' dir='ltr' id='par_1_6' title="bbox 307 1881 1414 2238">
     <span class='ocr_line' id='line_1_15' title="bbox 437 1881 1259 1955; baseline -0.002 -15"><span class='ocrx_word' id='word_1_89' title='bbox 437 1889 506 1940; x_wconf 72' lang='lat' dir='ltr'><strong>brob&#39;</strong></span> <span class='ocrx_word' id='word_1_90' title='bbox 569 1888 661 1953; x_wconf 83' lang='lat' dir='ltr'><strong>lystlice</strong></span> <span class='ocrx_word' id='word_1_91' title='bbox 713 1891 851 1954; x_wconf 79' lang='lat' dir='ltr'><strong>iopuldrigo</strong></span> <span class='ocrx_word' id='word_1_92' title='bbox 883 1890 909 1940; x_wconf 90' lang='lat' dir='ltr'><strong>in</strong></span> <span class='ocrx_word' id='word_1_93' title='bbox 958 1890 1138 1955; x_wconf 82' lang='lat' dir='ltr'><strong>vntrymnissrm</strong></span> <span class='ocrx_word' id='word_1_94' title='bbox 1173 1881 1259 1938; x_wconf 63' lang='lat' dir='ltr'><strong>vmin?</strong></span> 
     </span>
     <span class='ocr_line' id='line_1_16' title="bbox 307 1953 1365 2044; baseline -0.002 -26"><span class='ocrx_word' id='word_1_95' title='bbox 307 1955 368 2040; x_wconf 92' lang='grc'><strong>(1.)</strong></span> <span class='ocrx_word' id='word_1_96' title='bbox 392 1954 528 2030; x_wconf 88' lang='lat' dir='ltr'><strong>Fratres,</strong></span> <span class='ocrx_word' id='word_1_97' title='bbox 543 1953 679 2018; x_wconf 86' lang='lat' dir='ltr'><strong>libenter</strong></span> <span class='ocrx_word' id='word_1_98' title='bbox 700 1953 857 2039; x_wconf 85' lang='lat' dir='ltr'><strong>gloriabor</strong></span> <span class='ocrx_word' id='word_1_99' title='bbox 877 1954 911 2018; x_wconf 90' lang='lat' dir='ltr'><strong>in</strong></span> <span class='ocrx_word' id='word_1_100' title='bbox 925 1954 1161 2019; x_wconf 84' lang='lat' dir='ltr'><strong>infirmitatibus</strong></span> <span class='ocrx_word' id='word_1_101' title='bbox 1182 1954 1270 2017; x_wconf 83' lang='lat' dir='ltr'><strong>meis</strong></span> <span class='ocrx_word' id='word_1_102' title='bbox 1362 2039 1365 2044; x_wconf 24' lang='grc'>1</span> 
     </span>
     <span class='ocr_line' id='line_1_17' title="bbox 414 2077 1349 2152; baseline -0.003 -14"><span class='ocrx_word' id='word_1_103' title='bbox 414 2087 483 2138; x_wconf 76' lang='grc' dir='ltr'><strong>1)τοῦ’</strong></span> <span class='ocrx_word' id='word_1_104' title='bbox 553 2087 603 2135; x_wconf 75' lang='lat' dir='ltr'><strong>mia</strong></span> <span class='ocrx_word' id='word_1_105' title='bbox 615 2087 651 2150; x_wconf 71' lang='lat' dir='ltr'><strong>ay</strong></span> <span class='ocrx_word' id='word_1_106' title='bbox 690 2087 770 2146; x_wconf 80' lang='lat' dir='ltr'><strong>iovaes</strong></span> <span class='ocrx_word' id='word_1_107' title='bbox 861 2089 919 2152; x_wconf 77' lang='lat' dir='ltr'><strong>lytel</strong></span> <span class='ocrx_word' id='word_1_108' title='bbox 1016 2077 1129 2152; x_wconf 81' lang='lat' dir='ltr'><strong>iospraeco</strong></span> <span class='ocrx_word' id='word_1_109' title='bbox 1173 2105 1220 2138; x_wconf 82' lang='lat' dir='ltr'><strong>svae</strong></span> <span class='ocrx_word' id='word_1_110' title='bbox 1290 2087 1349 2150; x_wconf 78' lang='lat' dir='ltr'><strong>lytel</strong></span> 
     </span>
     <span class='ocr_line' id='line_1_18' title="bbox 307 2151 1414 2238; baseline -0.001 -23"><span class='ocrx_word' id='word_1_111' title='bbox 307 2153 366 2236; x_wconf 73' lang='grc'><strong>(2.)</strong></span> <span class='ocrx_word' id='word_1_112' title='bbox 391 2153 528 2228; x_wconf 80' lang='lat' dir='ltr'><strong>Fratres,</strong></span> <span class='ocrx_word' id='word_1_113' title='bbox 567 2173 639 2214; x_wconf 86' lang='lat' dir='ltr'><strong>cum</strong></span> <span class='ocrx_word' id='word_1_114' title='bbox 677 2172 779 2215; x_wconf 89' lang='lat' dir='ltr'><strong>essem</strong></span> <span class='ocrx_word' id='word_1_115' title='bbox 812 2152 963 2236; x_wconf 88' lang='lat' dir='ltr'><strong>parvulus</strong></span> <span class='ocrx_word' id='word_1_116' title='bbox 996 2153 1149 2238; x_wconf 85' lang='lat' dir='ltr'><strong>loquebar</strong></span> <span class='ocrx_word' id='word_1_117' title='bbox 1173 2162 1215 2232; x_wconf 45' lang='lat' dir='ltr'><strong>,ut</strong></span> <span class='ocrx_word' id='word_1_118' title='bbox 1252 2151 1414 2236; x_wconf 87' lang='lat' dir='ltr'><strong>parvulus,</strong></span> 
     </span>
    </p>
   </div>
   <div class='ocr_carea' id='block_1_6' title="bbox 262 2253 1415 2405">
    <p class='ocr_par' dir='ltr' id='par_1_7' title="bbox 262 2253 1415 2405">
     <span class='ocr_line' id='line_1_19' title="bbox 286 2253 1379 2320; baseline 0 -16"><span class='ocrx_word' id='word_1_119' title='bbox 286 2255 405 2318; x_wconf 84' lang='lat' dir='ltr'><strong>ichogsde</strong></span> <span class='ocrx_word' id='word_1_120' title='bbox 448 2271 495 2302; x_wconf 83' lang='lat' dir='ltr'><strong>erae</strong></span> <span class='ocrx_word' id='word_1_121' title='bbox 558 2253 617 2316; x_wconf 84' lang='lat' dir='ltr'><strong>lytel</strong></span> <span class='ocrx_word' id='word_1_122' title='bbox 725 2255 853 2318; x_wconf 75' lang='lat' dir='ltr'><strong>iegiaohte</strong></span> <span class='ocrx_word' id='word_1_123' title='bbox 889 2273 936 2306; x_wconf 84' lang='lat' dir='ltr'><strong>svae</strong></span> <span class='ocrx_word' id='word_1_124' title='bbox 1004 2257 1062 2319; x_wconf 83' lang='lat' dir='ltr'><strong>lytel</strong></span> <span class='ocrx_word' id='word_1_125' title='bbox 1192 2255 1226 2304; x_wconf 74' lang='lat' dir='ltr'><strong>lia</strong></span> <span class='ocrx_word' id='word_1_126' title='bbox 1329 2259 1379 2320; x_wconf 79' lang='lat' dir='ltr'><strong>pvt&#39;</strong></span> 
     </span>
     <span class='ocr_line' id='line_1_20' title="bbox 262 2317 1415 2405; baseline 0 -22"><span class='ocrx_word' id='word_1_127' title='bbox 262 2319 422 2404; x_wconf 85' lang='lat' dir='ltr'><strong>sapiebam</strong></span> <span class='ocrx_word' id='word_1_128' title='bbox 455 2327 492 2382; x_wconf 90' lang='lat' dir='ltr'><strong>ut</strong></span> <span class='ocrx_word' id='word_1_129' title='bbox 514 2317 672 2404; x_wconf 85' lang='lat' dir='ltr'><strong>parvulus,</strong></span> <span class='ocrx_word' id='word_1_130' title='bbox 701 2319 877 2404; x_wconf 81' lang='lat' dir='ltr'><strong>cogitabam</strong></span> <span class='ocrx_word' id='word_1_131' title='bbox 900 2330 937 2384; x_wconf 94' lang='lat' dir='ltr'><strong>ut</strong></span> <span class='ocrx_word' id='word_1_132' title='bbox 962 2320 1131 2405; x_wconf 84' lang='lat' dir='ltr'><strong>parvulus3</strong></span> <span class='ocrx_word' id='word_1_133' title='bbox 1155 2319 1281 2405; x_wconf 88' lang='lat' dir='ltr'><strong>quando</strong></span> <span class='ocrx_word' id='word_1_134' title='bbox 1306 2327 1415 2384; x_wconf 89' lang='lat' dir='ltr'><strong>autem</strong></span> 
     </span>
    </p>
   </div>
   <div class='ocr_carea' id='block_1_7' title="bbox 261 2420 1107 2573">
    <p class='ocr_par' dir='ltr' id='par_1_8' title="bbox 261 2420 1107 2573">
     <span class='ocr_line' id='line_1_21' title="bbox 267 2420 1079 2485; baseline 0 -15"><span class='ocrx_word' id='word_1_135' title='bbox 267 2421 356 2485; x_wconf 72' lang='lat' dir='ltr'><strong>aporbe</strong></span> <span class='ocrx_word' id='word_1_136' title='bbox 388 2420 456 2469; x_wconf 85' lang='lat' dir='ltr'><strong>icam</strong></span> <span class='ocrx_word' id='word_1_137' title='bbox 492 2436 547 2469; x_wconf 79' lang='lat' dir='ltr'><strong>voer</strong></span> <span class='ocrx_word' id='word_1_138' title='bbox 599 2421 718 2483; x_wconf 86' lang='lat' dir='ltr'><strong>iogihlado</strong></span> <span class='ocrx_word' id='word_1_139' title='bbox 756 2421 831 2470; x_wconf 67' lang='lat' dir='ltr'><strong>balle</strong></span> <span class='ocrx_word' id='word_1_140' title='bbox 870 2439 954 2471; x_wconf 83' lang='lat' dir='ltr'><strong>roeron</strong></span> <span class='ocrx_word' id='word_1_141' title='bbox 1009 2423 1079 2485; x_wconf 79' lang='lat' dir='ltr'><strong>lytles</strong></span> 
     </span>
     <span class='ocr_line' id='line_1_22' title="bbox 261 2484 1107 2573; baseline -0.002 -23"><span class='ocrx_word' id='word_1_142' title='bbox 261 2487 363 2550; x_wconf 84' lang='lat' dir='ltr'><strong>faetus</strong></span> <span class='ocrx_word' id='word_1_143' title='bbox 387 2507 457 2549; x_wconf 89' lang='lat' dir='ltr'><strong>sum</strong></span> <span class='ocrx_word' id='word_1_144' title='bbox 489 2484 545 2561; x_wconf 88' lang='lat' dir='ltr'><strong>vir,</strong></span> <span class='ocrx_word' id='word_1_145' title='bbox 580 2484 728 2548; x_wconf 83' lang='lat' dir='ltr'><strong>evacuavi</strong></span> <span class='ocrx_word' id='word_1_146' title='bbox 756 2507 829 2570; x_wconf 85' lang='lat' dir='ltr'><strong>quse</strong></span> <span class='ocrx_word' id='word_1_147' title='bbox 862 2495 953 2550; x_wconf 91' lang='lat' dir='ltr'><strong>erant</strong></span> <span class='ocrx_word' id='word_1_148' title='bbox 975 2485 1107 2573; x_wconf 83' lang='lat' dir='ltr'><strong>parvuli.</strong></span> 
     </span>
    </p>
   </div>
   <div class='ocr_carea' id='block_1_8' title="bbox 309 2618 1398 2769">
    <p class='ocr_par' dir='ltr' id='par_1_9' title="bbox 309 2618 1398 2769">
     <span class='ocr_line' id='line_1_23' title="bbox 421 2618 1398 2684; baseline -0.001 -15"><span class='ocrx_word' id='word_1_149' title='bbox 421 2619 520 2682; x_wconf 51' lang='lat' dir='ltr'><strong>brob&#39;¹</strong></span> <span class='ocrx_word' id='word_1_150' title='bbox 575 2635 608 2669; x_wconf 85' lang='lat' dir='ltr'><strong>nv</strong></span> <span class='ocrx_word' id='word_1_151' title='bbox 682 2621 735 2684; x_wconf 81' lang='lat' dir='ltr'><strong>put&#39;</strong></span> <span class='ocrx_word' id='word_1_152' title='bbox 810 2620 894 2684; x_wconf 69' lang='lat' dir='ltr'><strong>prnab</strong></span> <span class='ocrx_word' id='word_1_153' title='bbox 945 2619 1108 2682; x_wconf 77' lang='lat' dir='ltr'><strong>lvalgileafs</strong></span> <span class='ocrx_word' id='word_1_154' title='bbox 1128 2653 1130 2658; x_wconf 86' lang='lat'><em>.</em></span> <span class='ocrx_word' id='word_1_155' title='bbox 1150 2619 1212 2682; x_wconf 87' lang='lat' dir='ltr'><strong>hyht</strong></span> <span class='ocrx_word' id='word_1_156' title='bbox 1268 2618 1398 2683; x_wconf 80' lang='lat' dir='ltr'><strong>godeslva</strong></span> 
     </span>
     <span class='ocr_line' id='line_1_24' title="bbox 309 2682 1389 2769; baseline 0 -21"><span class='ocrx_word' id='word_1_157' title='bbox 309 2684 367 2769; x_wconf 82' lang='lat'><strong>(3.)</strong></span> <span class='ocrx_word' id='word_1_158' title='bbox 393 2684 529 2760; x_wconf 88' lang='lat' dir='ltr'><strong>Fratres,</strong></span> <span class='ocrx_word' id='word_1_159' title='bbox 556 2705 642 2748; x_wconf 87' lang='lat' dir='ltr'><strong>nuno</strong></span> <span class='ocrx_word' id='word_1_160' title='bbox 662 2693 769 2748; x_wconf 88' lang='lat' dir='ltr'><strong>autem</strong></span> <span class='ocrx_word' id='word_1_161' title='bbox 794 2691 924 2748; x_wconf 85' lang='lat' dir='ltr'><strong>manent</strong></span> <span class='ocrx_word' id='word_1_162' title='bbox 992 2682 1079 2760; x_wconf 90' lang='lat' dir='ltr'><strong>fides,</strong></span> <span class='ocrx_word' id='word_1_163' title='bbox 1139 2705 1221 2768; x_wconf 89' lang='lat' dir='ltr'><strong>spes,</strong></span> <span class='ocrx_word' id='word_1_164' title='bbox 1267 2683 1389 2760; x_wconf 83' lang='lat' dir='ltr'><strong>caritas,</strong></span> 
     </span>
    </p>
   </div>
   <div class='ocr_carea' id='block_1_9' title="bbox 261 2783 1040 2944">
    <p class='ocr_par' dir='ltr' id='par_1_10' title="bbox 261 2783 1040 2944">
     <span class='ocr_line' id='line_1_25' title="bbox 262 2783 1040 2850; baseline -0.005 -14"><span class='ocrx_word' id='word_1_165' title='bbox 262 2783 316 2836; x_wconf 74' lang='lat' dir='ltr'><strong>itrr&#39;o</strong></span> <span class='ocrx_word' id='word_1_166' title='bbox 361 2787 406 2835; x_wconf 72' lang='lat' dir='ltr'><strong>bas</strong></span> <span class='ocrx_word' id='word_1_167' title='bbox 475 2803 538 2834; x_wconf 88' lang='lat' dir='ltr'><strong>mara</strong></span> <span class='ocrx_word' id='word_1_168' title='bbox 603 2791 653 2850; x_wconf 82' lang='lat' dir='ltr'><strong>pvt&#39;</strong></span> <span class='ocrx_word' id='word_1_169' title='bbox 717 2786 782 2834; x_wconf 72' lang='lat' dir='ltr'><strong>biera</strong></span> <span class='ocrx_word' id='word_1_170' title='bbox 832 2787 853 2834; x_wconf 86' lang='lat' dir='ltr'><strong>is</strong></span> <span class='ocrx_word' id='word_1_171' title='bbox 895 2785 1040 2838; x_wconf 75' lang='lat' dir='ltr'><strong>brollerlva</strong></span> 
     </span>
     <span class='ocr_line' id='line_1_26' title="bbox 261 2848 1026 2944; baseline -0.007 -28"><span class='ocrx_word' id='word_1_172' title='bbox 261 2851 325 2944; x_wconf 82' lang='lat' dir='ltr'><strong>tria</strong></span> <span class='ocrx_word' id='word_1_173' title='bbox 344 2851 423 2928; x_wconf 83' lang='lat' dir='ltr'><strong>haer,</strong></span> <span class='ocrx_word' id='word_1_174' title='bbox 455 2851 555 2936; x_wconf 90' lang='lat' dir='ltr'><strong>major</strong></span> <span class='ocrx_word' id='word_1_175' title='bbox 569 2860 676 2914; x_wconf 89' lang='lat' dir='ltr'><strong>autem</strong></span> <span class='ocrx_word' id='word_1_176' title='bbox 690 2849 803 2913; x_wconf 90' lang='lat' dir='ltr'><strong>borum</strong></span> <span class='ocrx_word' id='word_1_177' title='bbox 818 2858 867 2913; x_wconf 90' lang='lat' dir='ltr'><strong>est</strong></span> <span class='ocrx_word' id='word_1_178' title='bbox 903 2848 1026 2914; x_wconf 85' lang='lat' dir='ltr'><strong>caritas.</strong></span> 
     </span>
    </p>
   </div>
   <div class='ocr_carea' id='block_1_10' title="bbox 261 2981 1468 3498">
    <p class='ocr_par' dir='ltr' id='par_1_11' title="bbox 261 2981 1468 3498">
     <span class='ocr_line' id='line_1_27' title="bbox 415 2981 1394 3050; baseline 0.004 -19"><span class='ocrx_word' id='word_1_179' title='bbox 415 2983 484 3032; x_wconf 72' lang='lat' dir='ltr'><strong>brob&#39;</strong></span> <span class='ocrx_word' id='word_1_180' title='bbox 547 2999 617 3032; x_wconf 81' lang='lat' dir='ltr'><strong>marm</strong></span> <span class='ocrx_word' id='word_1_181' title='bbox 627 2998 657 3030; x_wconf 86' lang='lat' dir='ltr'><strong>ne</strong></span> <span class='ocrx_word' id='word_1_182' title='bbox 732 2983 806 3044; x_wconf 73' lang='lat' dir='ltr'><strong>aenigi</strong></span> <span class='ocrx_word' id='word_1_183' title='bbox 897 2981 1062 3045; x_wconf 56' lang='lat' dir='ltr'><strong>giepdsefnab</strong></span> <span class='ocrx_word' id='word_1_184' title='bbox 1116 2983 1189 3031; x_wconf 82' lang='lat' dir='ltr'><strong>bvtan</strong></span> <span class='ocrx_word' id='word_1_185' title='bbox 1210 2985 1254 3044; x_wconf 64' lang='lat' dir='ltr'><strong>lits</strong></span> <span class='ocrx_word' id='word_1_186' title='bbox 1303 2987 1394 3050; x_wconf 83' lang='lat' dir='ltr'><strong>bitpien</strong></span> 
     </span>
     <span class='ocr_line' id='line_1_28' title="bbox 306 3045 1414 3134; baseline 0.002 -22"><span class='ocrx_word' id='word_1_187' title='bbox 306 3049 364 3134; x_wconf 81' lang='grc'><strong>(4.)</strong></span> <span class='ocrx_word' id='word_1_188' title='bbox 383 3048 518 3123; x_wconf 87' lang='lat' dir='ltr'><strong>Fratres,</strong></span> <span class='ocrx_word' id='word_1_189' title='bbox 543 3045 662 3110; x_wconf 89' lang='lat' dir='ltr'><strong>nemini</strong></span> <span class='ocrx_word' id='word_1_190' title='bbox 688 3045 858 3130; x_wconf 83' lang='lat' dir='ltr'><strong>quicquam</strong></span> <span class='ocrx_word' id='word_1_191' title='bbox 905 3046 1056 3122; x_wconf 88' lang='lat' dir='ltr'><strong>debeatis,</strong></span> <span class='ocrx_word' id='word_1_192' title='bbox 1123 3045 1185 3110; x_wconf 91' lang='lat' dir='ltr'><strong>nisi</strong></span> <span class='ocrx_word' id='word_1_193' title='bbox 1215 3059 1253 3114; x_wconf 89' lang='lat' dir='ltr'><strong>ut</strong></span> <span class='ocrx_word' id='word_1_194' title='bbox 1277 3049 1414 3114; x_wconf 83' lang='lat' dir='ltr'><strong>invicem</strong></span> 
     </span>
     <span class='ocr_line' id='line_1_29' title="bbox 278 3147 1155 3215; baseline -0.005 -15"><span class='ocrx_word' id='word_1_195' title='bbox 278 3153 390 3215; x_wconf 85' lang='lat' dir='ltr'><strong>gielvfige</strong></span> <span class='ocrx_word' id='word_1_196' title='bbox 422 3149 485 3198; x_wconf 73' lang='lat' dir='ltr'><strong>sebe</strong></span> <span class='ocrx_word' id='word_1_197' title='bbox 508 3149 578 3197; x_wconf 67' lang='lat' dir='ltr'><strong>Pbon</strong></span> <span class='ocrx_word' id='word_1_198' title='bbox 616 3147 680 3196; x_wconf 73' lang='lat' dir='ltr'><strong>lrtab</strong></span> <span class='ocrx_word' id='word_1_199' title='bbox 737 3147 875 3196; x_wconf 72' lang='lat' dir='ltr'><strong>boneneste</strong></span> <span class='ocrx_word' id='word_1_200' title='bbox 956 3164 976 3197; x_wconf 86' lang='lat' dir='ltr'><strong>ae</strong></span> <span class='ocrx_word' id='word_1_201' title='bbox 1057 3148 1155 3211; x_wconf 72' lang='lat' dir='ltr'><strong>gifylleb</strong></span> 
     </span>
     <span class='ocr_line' id='line_1_30' title="bbox 261 3211 1189 3301; baseline -0.003 -22"><span class='ocrx_word' id='word_1_202' title='bbox 261 3215 408 3301; x_wconf 87' lang='lat' dir='ltr'><strong>diligatis,</strong></span> <span class='ocrx_word' id='word_1_203' title='bbox 426 3214 482 3299; x_wconf 94' lang='lat' dir='ltr'><strong>qui</strong></span> <span class='ocrx_word' id='word_1_204' title='bbox 497 3213 580 3277; x_wconf 89' lang='lat' dir='ltr'><strong>enim</strong></span> <span class='ocrx_word' id='word_1_205' title='bbox 595 3211 699 3296; x_wconf 85' lang='lat' dir='ltr'><strong>diligit</strong></span> <span class='ocrx_word' id='word_1_206' title='bbox 713 3212 902 3297; x_wconf 86' lang='lat' dir='ltr'><strong>proximum,</strong></span> <span class='ocrx_word' id='word_1_207' title='bbox 918 3211 1022 3298; x_wconf 86' lang='lat' dir='ltr'><strong>legem</strong></span> <span class='ocrx_word' id='word_1_208' title='bbox 1037 3211 1189 3298; x_wconf 88' lang='lat' dir='ltr'><strong>implevit</strong></span> 
     </span>
     <span class='ocr_line' id='line_1_31' title="bbox 275 3332 1468 3412; baseline -0.001 -15"><span class='ocrx_word' id='word_1_209' title='bbox 275 3332 277 3337; x_wconf 26' lang='grc' dir='ltr'>Ι</span> <span class='ocrx_word' id='word_1_210' title='bbox 426 3347 494 3397; x_wconf 73' lang='lat' dir='ltr'><strong>broa’</strong></span> <span class='ocrx_word' id='word_1_211' title='bbox 541 3347 578 3410; x_wconf 89' lang='lat' dir='ltr'><strong>gif</strong></span> <span class='ocrx_word' id='word_1_212' title='bbox 631 3350 651 3408; x_wconf 68' lang='lat' dir='ltr'><strong>ll</strong></span> <span class='ocrx_word' id='word_1_213' title='bbox 700 3347 721 3394; x_wconf 88' lang='lat' dir='ltr'><strong>is</strong></span> <span class='ocrx_word' id='word_1_214' title='bbox 813 3348 883 3396; x_wconf 90' lang='lat' dir='ltr'><strong>bibod</strong></span> <span class='ocrx_word' id='word_1_215' title='bbox 965 3349 991 3396; x_wconf 90' lang='lat' dir='ltr'><strong>in</strong></span> <span class='ocrx_word' id='word_1_216' title='bbox 1007 3347 1071 3396; x_wconf 65' lang='lat' dir='ltr'><strong>bissi</strong></span> <span class='ocrx_word' id='word_1_217' title='bbox 1104 3350 1176 3412; x_wconf 80' lang='lat' dir='ltr'><strong>porde</strong></span> <span class='ocrx_word' id='word_1_218' title='bbox 1216 3347 1249 3395; x_wconf 84' lang='lat' dir='ltr'><strong>eft</strong></span> <span class='ocrx_word' id='word_1_219' title='bbox 1260 3347 1281 3396; x_wconf 89' lang='lat' dir='ltr'><strong>is</strong></span> <span class='ocrx_word' id='word_1_220' title='bbox 1290 3336 1398 3411; x_wconf 79' lang='lat' dir='ltr'><strong>giboetetl</strong></span> <span class='ocrx_word' id='word_1_221' title='bbox 1465 3353 1468 3358; x_wconf 90' lang='lat'>&#39;</span> 
     </span>
     <span class='ocr_line' id='line_1_32' title="bbox 307 3410 1415 3498; baseline -0.002 -22"><span class='ocrx_word' id='word_1_222' title='bbox 307 3413 366 3498; x_wconf 92' lang='grc'><strong>(5.)</strong></span> <span class='ocrx_word' id='word_1_223' title='bbox 391 3412 528 3488; x_wconf 89' lang='lat' dir='ltr'><strong>Fratres,</strong></span> <span class='ocrx_word' id='word_1_224' title='bbox 545 3411 571 3496; x_wconf 86' lang='lat' dir='ltr'><strong>si</strong></span> <span class='ocrx_word' id='word_1_225' title='bbox 587 3410 673 3496; x_wconf 91' lang='lat' dir='ltr'><strong>quod</strong></span> <span class='ocrx_word' id='word_1_226' title='bbox 687 3419 736 3489; x_wconf 87' lang='lat' dir='ltr'><strong>est</strong></span> <span class='ocrx_word' id='word_1_227' title='bbox 749 3411 942 3486; x_wconf 89' lang='lat' dir='ltr'><strong>mandatum,</strong></span> <span class='ocrx_word' id='word_1_228' title='bbox 958 3410 991 3474; x_wconf 91' lang='lat' dir='ltr'><strong>in</strong></span> <span class='ocrx_word' id='word_1_229' title='bbox 1009 3411 1071 3476; x_wconf 83' lang='lat' dir='ltr'><strong>hoc</strong></span> <span class='ocrx_word' id='word_1_230' title='bbox 1091 3413 1187 3477; x_wconf 88' lang='lat' dir='ltr'><strong>verbo</strong></span> <span class='ocrx_word' id='word_1_231' title='bbox 1208 3410 1415 3487; x_wconf 87' lang='lat' dir='ltr'><strong>instauratur,</strong></span> 
     </span>
    </p>
   </div>
   <div class='ocr_carea' id='block_1_11' title="bbox 261 3511 965 3664">
    <p class='ocr_par' dir='ltr' id='par_1_12' title="bbox 261 3511 965 3664">
     <span class='ocr_line' id='line_1_33' title="bbox 278 3511 963 3564; baseline -0.003 0"><span class='ocrx_word' id='word_1_232' title='bbox 278 3515 365 3564; x_wconf 73' lang='lat' dir='ltr'><strong>lvfabv</strong></span> <span class='ocrx_word' id='word_1_233' title='bbox 414 3513 476 3561; x_wconf 71' lang='lat' dir='ltr'><strong>bone</strong></span> <span class='ocrx_word' id='word_1_234' title='bbox 486 3521 550 3561; x_wconf 81' lang='lat' dir='ltr'><strong>nesta</strong></span> <span class='ocrx_word' id='word_1_235' title='bbox 607 3513 652 3560; x_wconf 73' lang='lat' dir='ltr'><strong>bin</strong></span> <span class='ocrx_word' id='word_1_236' title='bbox 718 3529 765 3562; x_wconf 73' lang='lat' dir='ltr'><strong>svm</strong></span> <span class='ocrx_word' id='word_1_237' title='bbox 823 3512 867 3561; x_wconf 72' lang='lat' dir='ltr'><strong>bec</strong></span> <span class='ocrx_word' id='word_1_238' title='bbox 879 3511 963 3562; x_wconf 71' lang='lat' dir='ltr'><strong>seol&#39;frre</strong></span> 
     </span>
     <span class='ocr_line' id='line_1_34' title="bbox 261 3577 965 3664; baseline -0.004 -21"><span class='ocrx_word' id='word_1_239' title='bbox 261 3579 374 3664; x_wconf 83' lang='lat' dir='ltr'><strong>diliges</strong></span> <span class='ocrx_word' id='word_1_240' title='bbox 398 3577 576 3663; x_wconf 84' lang='lat' dir='ltr'><strong>proximum</strong></span> <span class='ocrx_word' id='word_1_241' title='bbox 591 3585 692 3654; x_wconf 91' lang='lat' dir='ltr'><strong>tuum,</strong></span> <span class='ocrx_word' id='word_1_242' title='bbox 709 3577 791 3641; x_wconf 85' lang='lat' dir='ltr'><strong>siout</strong></span> <span class='ocrx_word' id='word_1_243' title='bbox 820 3577 965 3662; x_wconf 88' lang='lat' dir='ltr'><strong>teipsum</strong></span> 
     </span>
    </p>
   </div>
   <div class='ocr_carea' id='block_1_12' title="bbox 308 3674 1478 3862">
    <p class='ocr_par' dir='ltr' id='par_1_13' title="bbox 308 3674 1478 3862">
     <span class='ocr_line' id='line_1_35' title="bbox 415 3674 1382 3786; baseline -0.004 -25"><span class='ocrx_word' id='word_1_244' title='bbox 415 3711 483 3761; x_wconf 73' lang='lat' dir='ltr'><strong>broll&#39;</strong></span> <span class='ocrx_word' id='word_1_245' title='bbox 579 3711 629 3760; x_wconf 84' lang='lat' dir='ltr'><strong>lva</strong></span> <span class='ocrx_word' id='word_1_246' title='bbox 692 3709 827 3760; x_wconf 70' lang='lat' dir='ltr'><strong>aaesnestes</strong></span> <span class='ocrx_word' id='word_1_247' title='bbox 891 3713 940 3776; x_wconf 73' lang='lat' dir='ltr'><strong>piel</strong></span> <span class='ocrx_word' id='word_1_248' title='bbox 1004 3729 1034 3761; x_wconf 90' lang='lat' dir='ltr'><strong>ne</strong></span> <span class='ocrx_word' id='word_1_249' title='bbox 1091 3674 1187 3775; x_wconf 14' lang='lat' dir='ltr'><strong>*pyroeb</strong></span> <span class='ocrx_word' id='word_1_250' title='bbox 1254 3709 1382 3786; x_wconf 25' lang='lat' dir='ltr'><strong>&#39;fylnisse</strong></span> 
     </span>
     <span class='ocr_line' id='line_1_36' title="bbox 308 3773 1478 3862; baseline -0.003 -21"><span class='ocrx_word' id='word_1_251' title='bbox 308 3777 367 3862; x_wconf 92' lang='grc'><strong>(6.)</strong></span> <span class='ocrx_word' id='word_1_252' title='bbox 388 3776 524 3852; x_wconf 88' lang='lat' dir='ltr'><strong>Fratres,</strong></span> <span class='ocrx_word' id='word_1_253' title='bbox 545 3773 673 3840; x_wconf 84' lang='lat' dir='ltr'><strong>dileetio</strong></span> <span class='ocrx_word' id='word_1_254' title='bbox 694 3774 829 3860; x_wconf 86' lang='lat' dir='ltr'><strong>proximi</strong></span> <span class='ocrx_word' id='word_1_255' title='bbox 854 3776 973 3840; x_wconf 92' lang='lat' dir='ltr'><strong>malum</strong></span> <span class='ocrx_word' id='word_1_256' title='bbox 988 3797 1051 3840; x_wconf 91' lang='lat' dir='ltr'><strong>non</strong></span> <span class='ocrx_word' id='word_1_257' title='bbox 1067 3785 1224 3861; x_wconf 87' lang='lat' dir='ltr'><strong>operatur,</strong></span> <span class='ocrx_word' id='word_1_258' title='bbox 1248 3773 1416 3860; x_wconf 89' lang='lat' dir='ltr'><strong>plemtudo</strong></span> <span class='ocrx_word' id='word_1_259' title='bbox 1477 3791 1478 3862; x_wconf 73' lang='grc'><strong>(</strong></span> 
     </span>
    </p>
   </div>
   <div class='ocr_carea' id='block_1_13' title="bbox 260 3877 649 4030">
    <p class='ocr_par' dir='ltr' id='par_1_14' title="bbox 260 3877 649 4030">
     <span class='ocr_line' id='line_1_37' title="bbox 260 3877 480 3929; baseline -0.009 0"><span class='ocrx_word' id='word_1_260' title='bbox 260 3880 331 3929; x_wconf 63' lang='lat' dir='ltr'><strong>ibon</strong></span> <span class='ocrx_word' id='word_1_261' title='bbox 366 3897 411 3928; x_wconf 82' lang='lat' dir='ltr'><strong>aeos</strong></span> <span class='ocrx_word' id='word_1_262' title='bbox 459 3877 480 3927; x_wconf 88' lang='lat' dir='ltr'><strong>is</strong></span> 
     </span>
     <span class='ocr_line' id='line_1_38' title="bbox 263 3940 649 4030; baseline -0.008 -22"><span class='ocrx_word' id='word_1_263' title='bbox 263 3967 338 4030; x_wconf 89' lang='lat' dir='ltr'><strong>ergo</strong></span> <span class='ocrx_word' id='word_1_264' title='bbox 353 3944 433 4029; x_wconf 88' lang='lat' dir='ltr'><strong>legis</strong></span> <span class='ocrx_word' id='word_1_265' title='bbox 449 3952 498 4008; x_wconf 90' lang='lat' dir='ltr'><strong>est</strong></span> <span class='ocrx_word' id='word_1_266' title='bbox 512 3940 649 4008; x_wconf 82' lang='lat' dir='ltr'><strong>dilectio.</strong></span> 
     </span>
    </p>
   </div>
   <div class='ocr_carea' id='block_1_14' title="bbox 304 4086 1373 4172">
    <p class='ocr_par' dir='ltr' id='par_1_15' title="bbox 304 4086 1373 4172">
     <span class='ocr_line' id='line_1_39' title="bbox 304 4086 1373 4172; baseline -0.004 -5"><span class='ocrx_word' id='word_1_267' title='bbox 304 4123 358 4167; x_wconf 70' lang='grc' dir='ltr'><strong>ΗΕ.</strong></span> <span class='ocrx_word' id='word_1_268' title='bbox 388 4124 474 4168; x_wconf 86' lang='lat' dir='ltr'>SUNT</span> <span class='ocrx_word' id='word_1_269' title='bbox 501 4123 743 4168; x_wconf 84' lang='lat' dir='ltr'>COLLECTIONES</span> <span class='ocrx_word' id='word_1_270' title='bbox 774 4086 822 4167; x_wconf 28' lang='lat' dir='ltr'><strong>IN.</strong></span> <span class='ocrx_word' id='word_1_271' title='bbox 841 4123 1105 4167; x_wconf 74' lang='lat' dir='ltr'>SEPTUAGESSIMA</span> <span class='ocrx_word' id='word_1_272' title='bbox 1127 4121 1236 4172; x_wconf 80' lang='lat' dir='ltr'><strong>USQUE</strong></span> <span class='ocrx_word' id='word_1_273' title='bbox 1266 4121 1373 4166; x_wconf 73' lang='lat' dir='ltr'><strong>CAPUT</strong></span> 
     </span>
    </p>
   </div>
   <div class='ocr_carea' id='block_1_15' title="bbox 757 4209 904 4254">
    <p class='ocr_par' dir='ltr' id='par_1_16' title="bbox 757 4209 904 4254">
     <span class='ocr_line' id='line_1_40' title="bbox 757 4209 904 4254; baseline -0.014 0"><span class='ocrx_word' id='word_1_274' title='bbox 757 4209 904 4254; x_wconf 79' lang='lat' dir='ltr'><strong>JEJUNH.</strong></span> 
     </span>
    </p>
   </div>
   <div class='ocr_carea' id='block_1_16' title="bbox 308 4313 1418 4476">
    <p class='ocr_par' dir='ltr' id='par_1_17' title="bbox 308 4313 1418 4476">
     <span class='ocr_line' id='line_1_41' title="bbox 410 4313 1418 4386; baseline -0.005 -11"><span class='ocrx_word' id='word_1_275' title='bbox 410 4327 483 4374; x_wconf 86' lang='lat' dir='ltr'><strong>beado</strong></span> <span class='ocrx_word' id='word_1_276' title='bbox 540 4313 608 4374; x_wconf 81' lang='lat' dir='ltr'><strong>foloes</strong></span> <span class='ocrx_word' id='word_1_277' title='bbox 624 4325 693 4374; x_wconf 69' lang='lat' dir='ltr'><strong>binos</strong></span> <span class='ocrx_word' id='word_1_278' title='bbox 757 4324 844 4372; x_wconf 81' lang='lat' dir='ltr'><strong>rebid&#39;</strong></span> <span class='ocrx_word' id='word_1_279' title='bbox 940 4323 1001 4371; x_wconf 82' lang='lat' dir='ltr'><strong>‹ln&#39;h&#39;</strong></span> <span class='ocrx_word' id='word_1_280' title='bbox 1081 4323 1202 4371; x_wconf 67' lang='lat' dir='ltr'><strong>rimodlice</strong></span> <span class='ocrx_word' id='word_1_281' title='bbox 1267 4321 1337 4386; x_wconf 86' lang='lat' dir='ltr'><strong>geber</strong></span> <span class='ocrx_word' id='word_1_282' title='bbox 1370 4325 1418 4383; x_wconf 63' lang='lat' dir='ltr'><strong>late</strong></span> 
     </span>
     <span class='ocr_line' id='line_1_42' title="bbox 308 4385 1418 4476; baseline -0.002 -22"><span class='ocrx_word' id='word_1_283' title='bbox 308 4391 367 4476; x_wconf 91' lang='grc'><strong>(1.)</strong></span> <span class='ocrx_word' id='word_1_284' title='bbox 386 4389 501 4455; x_wconf 85' lang='lat' dir='ltr'><strong>Preces</strong></span> <span class='ocrx_word' id='word_1_285' title='bbox 513 4389 623 4476; x_wconf 91' lang='lat' dir='ltr'><strong>populi</strong></span> <span class='ocrx_word' id='word_1_286' title='bbox 634 4388 691 4466; x_wconf 92' lang='lat' dir='ltr'><strong>tui,</strong></span> <span class='ocrx_word' id='word_1_287' title='bbox 705 4408 886 4473; x_wconf 88' lang='lat' dir='ltr'><strong>quesumus,</strong></span> <span class='ocrx_word' id='word_1_288' title='bbox 897 4385 1043 4464; x_wconf 86' lang='lat' dir='ltr'><strong>Domine,</strong></span> <span class='ocrx_word' id='word_1_289' title='bbox 1057 4385 1228 4452; x_wconf 84' lang='lat' dir='ltr'><strong>elementer</strong></span> <span class='ocrx_word' id='word_1_290' title='bbox 1239 4385 1364 4462; x_wconf 83' lang='lat' dir='ltr'><strong>exaudi,</strong></span> <span class='ocrx_word' id='word_1_291' title='bbox 1377 4399 1418 4452; x_wconf 95' lang='lat' dir='ltr'><strong>ut</strong></span> 
     </span>
    </p>
   </div>
   <div class='ocr_carea' id='block_1_17' title="bbox 0 0 1500 5074">
    <p class='ocr_par' dir='ltr' id='par_1_18' title="bbox 0 0 1500 5074">
     <span class='ocr_line' id='line_1_43' title="bbox 0 0 1500 5074; baseline 0 0"><span class='ocrx_word' id='word_1_292' title='bbox 0 0 1500 5074; x_wconf 95' lang='lat' dir='ltr'><strong> </strong></span> 
     </span>
    </p>
   </div>
  </div>
 </body>
</html>
