3040 5074
266 503 328 574 189
645 527 881 574 suono-saxon
906 529 1038 573 arrum„

261 667 325 716 snite
357 668 439 732 porhte
479 667 562 717 hoofon
622 683 639 732 7
699 667 770 716 eorde
864 685 895 717 sae
978 683 995 732 7
1067 667 1112 716 aiio
1184 667 1258 718 diade
1278 669 1321 720 'in
1355 671 1419 721 iiaem

275 849 331 882 aron

259 907 342 960 sunt.

432 1033 561 1110 mandram·
614 1033 686 1082 driht’
750 1033 828 1083 nahts
854 1033 920 1082 itinn?
944 1033 1016 1084 brnur
1055 1050 1130 1097 synon
1179 1035 1229 1098 vsig
1271 1037 1371 1100 gehnlda

304 1095 385 1179 (14.)
403 1048 560 1182 ssrguare,
577 1097 725 1174 Domine,
741 1107 835 1162 nocte
860 1097 922 1162 ista
945 1098 1012 1162 sine
1027 1107 1159 1182 peceato
1172 1119 1231 1164 nos
1246 1102 1417 1167 custodire.

764 1302 909 1348 OREMUS.

417 1415 502 1492 girihta
583 1431 600 1480 7
665 1415 762 1479 gehnlda
819 1416 1007 1482 itrgimeodrma
1062 1419 1135 1466 driht'
1248 1421 1294 1483 god
1343 1423 1417 1486 cynig

301 1478 361 1562 (1.)
386 1477 533 1563 Drngere
573 1489 606 1544 et
644 1479 801 1544 custodire
838 1480 988 1565 digneris,
1032 1481 1170 1546 Domine
1215 1483 1317 1560 Deus,
1356 1508 1415 1548 rex

255 1580 350 1629 ireofirea
383 1597 400 1644 7
436 1581 508 1630 eorde
547 1580 673 1630 initiarer
704 1582 782 1631 nahts
822 1583 902 1631 hmrto
941 1598 959 1647 7
1018 1583 1116 1632 liohoma
1184 1599 1225 1633 vsa
1297 1587 1318 1646 ᾗ
1352 1585 1415 1635 aeth

270 1645 343 1708 eoeti
372 1667 409 1710 ac
429 1655 523 1748 terre,
547 1645 580 1709 in
610 1644 672 1710 ista
696 1656 790 1710 nocte
816 1646 911 1711 corda
940 1655 973 1712 et
998 1668 1130 1732 corpora
1154 1656 1270 1724 nostra,
1288 1658 1325 1712 ut
1355 1671 1415 1734 per

256 1747 300 1796 dee
342 1749 395 1796 halo
441 1764 507 1800 vossa
561 1763 673 1812 remaego
764 1748 856 1797 haeland
888 1750 1052 1812 middnngenrd
1156 1749 1207 1798 mit
1262 1751 1335 1799 faeder
1384 1768 1404 1815 7

264 1821 296 1875 te
330 1811 408 1876 salvi
436 1824 519 1876 esse·
537 1811 703 1896 possimus,
743 1811 879 1876 salvator
908 1813 1028 1888 mundi,
1057 1813 1112 1898 qui
1145 1834 1219 1877 oum
1251 1814 1347 1879 Patre
1377 1825 1414 1881 et

284 1921 349 1976 gasto
413 1915 481 1978 halg'v'
528 1915 599 1966 nona
628 1930 645 1978 7
685 1913 760 1968 domii
816 1916 862 1977 god
905 1914 965 1964 &eth
1008 1915 1053 1962 allo
1123 1917 1181 1964 vori'

251 1977 374 2063 Spiritu
390 1977 507 2044 Sancto
522 1978 600 2044 vivis
615 1987 648 2042 et
661 2000 775 2064 regnas
791 1978 891 2056 Deus,
908 2000 964 2062 per
979 1977 1085 2042 omnia
1099 1979 1215 2043 secula.

453 2120 474 2160 tt
546 2112 618 2160 driht’
725 2112 814 2175 gohaeld
869 2110 941 2162 mete
968 2113 1085 2176 mini7
1158 2115 1200 2162 dor
1291 2113 1414 2175 ymbstnn-

302 2175 360 2259 (2.)
416 2197 485 2254 one,
500 2175 658 2252 -Domine,
685 2175 861 2240 custodiam
887 2175 934 2239 ori
960 2197 1040 2253 meo,
1057 2176 1250 2243 et'hostiam
1274 2177 1411 2241 circum-

258 2278 386 2326 denrrisses'
408 2279 485 2326 raelar'

256 2340 381 2406 stantiae
397 2341 486 2405 labis.

392 2477 417 2526 in
459 2477 539 2526 aeiorm
572 2483 636 2526 storo
711 2477 856 2541 laferdsoipes
945 2479 997 2528 eaes
1061 2479 1155 2529 bloedsa
1228 2479 1290 2527 mvel
1350 2479 1402 2528 min

415 2841 486 2890 driht’
572 2842 642 2905 goher
722 2843 811 2907 gebedd
892 2845 940 2891 min

297 2905 357 2990 (4.)
382 2905 529 2992 Domine,
547 2905 662 2973 exaudi
677 2907 979 2990 orationemmeem,

482 3042 527 3092 onir
591 3043 640 3090 min
688 3051 713 3091 to
740 3043 772 3091 aa
815 3059 881 3106 cyme

296 3106 357 3190 (5.)
382 3057 426 3170 Ei
441 3106 557 3171 olamor
572 3127 661 3170 meus
681 3107 721 3170 nd
741 3117 774 3171 te
794 3107 908 3170 veniat.

396 3239 483 3288 icnhof
544 3254 585 3301 ego
650 3240 712 3286 mino
747 3246 771 3287 to
820 3240 883 3286 mori

294 3304 354 3390 (6.)
379 3302 498 3368 Levavi
513 3303 622 3367 ooulos
636 3325 723 3367 meos
738 3302 777 3366 ad
792 3313 924 3366 montes.

541 3507 664 3550 POSTEA
686 3505 854 3556 SEQUITUR
876 3503 1000 3548 ORATIO
1023 3502 1103 3547 ISTA.

411 3643 482 3694 driht’
562 3644 606 3707 god
728 3643 791 3692 allm'
871 3641 948 3690 &vite
975 3642 1105 3704 gesceadest
1165 3641 1215 3690 ioht
1246 3642 1305 3690 from
1338 3640 1404 3690 nios-

294 3710 353 3796 (l.)
378 3707 516 3773 Domine
534 3708 625 3772 Deus
647 3707 855 3792 omnipotens,
882 3705 937 3790 qui
960 3704 1113 3789 separasti
1136 3704 1240 3768 lucem
1266 3727 1286 3768 a
1312 3713 1405 3769 tene·

247 3825 307 3864 trvm
345 3812 390 3861 dec
405 3812 579 3874 ruderageuiioi
643 3811 716 3860 head?
812 3807 961 3871 vaginiddat
1007 3810 1051 3868 dte
1087 3805 1147 3854 deth
1197 3806 1241 3854 iias
1290 3807 1403 3870 nf'tocy-

247 3879 322 3954 bris,
356 3886 388 3941 te
425 3875 568 3940 subnixis
609 3875 756 3958 precibus
801 3893 976 3947 exoramus,
1017 3880 1054 3934 ut
1088 3891 1145 3954 per
1177 3870 1259 3934 hano
1289 3891 1405 3954 super-

248 3983 342 4032 mendes
416 3979 507 4028 naehtes
541 3985 698 4040 ....atrrng
729 3975 774 4024 ain
806 3976 857 4038 rnig
899 3974 999 4038 gescilda
1041 3971 1175 4021 &iverim-a
1199 3976 1244 4033 itte
1260 3989 1291 4020 on
1325 3973 1403 4022 lehtos

245 4055 387 4110 venturae
409 4043 511 4107 noctis
531 4040 698 4125 caliginem
718 4049 775 4104 tua
795 4061 853 4102 nos
876 4045 1022 4122 protegat
1033 4037 1174 4114 dextera
1199 4046 1236 4100 ut
1258 4036 1291 4098 in
1316 4035 1404 4102 lucis

245 4148 393 4210 amorgenlio
456 4145 502 4192 allo
583 4144 680 4192 arisere
763 4141 873 4205 gefearrde

245 4233 390 4276 auroram
421 4207 528 4274 cuncti
543 4228 709 4292 surgamus
723 4205 907 4292 gaudentes,
925 4225 983 4288 per
998 4203 1042 4266 Ι)’
1122 4294 1124 4298 Ι

261 731 316 816 qui
356 732 431 798 fecit
461 732 577 798 ooelum
614 743 649 798 at
679 741 806 812 terram,
838 753 935 809 mare,
973 741 1007 796 et
1043 731 1149 796 omnia
1186 755 1259 818 quae
1296 735 1330 799 in
1371 737 1420 800 eis
1513 763 1514 848 7
