3040 5074
663 481 898 530 ANGLO·SAXON
921 481 1054 526 arnust.

761 763 844 808 trust
867 764 953 810 ants.

446 919 518 967 driht'
589 919 664 982 hoelge
713 919 784 967 l'aeder
879 922 942 968 allm'
1065 937 1104 969 eoa
1201 921 1246 983 god
1312 921 1376 969 {terh
1388 922 1442 969 send

330 981 390 1065 (1.)
414 981 552 1046 Domine
567 993 684 1060 sancte,
703 982 799 1048 Pater
813 984 1022 1069 omnipotens,
1039 994 1158 1048 aeterne
1173 984 1273 1060 Deus,
1290 986 1442 1069 permitte

333 1093 385 1148 gast
478 1084 523 1133 tin
593 1086 685 1148 haligne
749 1085 801 1134 mia
877 1086 932 1149 pan’
1029 1087 1093 1136 haam
1104 1087 1150 1135 heh
1159 1087 1236 1149 angele
1263 1089 1310 1146 pte
1343 1088 1442 1150 gescilda

287 1148 441 1232 Spiritum
456 1157 546 1212 tuum
564 1149 716 1213 Sanctum
736 1170 808 1214 cum
826 1149 998 1214 Panchielo
1036 1150 1233 1234 archangelo,
1266 1160 1305 1213 ut
1335 1151 1443 1214 delen-

378 1267 441 1298 aoraa
537 1268 578 1299 vsa
626 1252 662 1299 fro
718 1254 801 1314 pyrmi
856 1253 892 1300 fro
941 1254 1070 1316 degendum
1118 1254 1154 1302 fro
1182 1254 1279 1300 demoni
1293 1253 1443 1300 tfrodiobtt

283 1311 338 1376 dat
352 1316 469 1397 segites
494 1324 617 1378 nostras
639 1335 659 1377 a
680 1315 847 1392 vermibus,
871 1337 891 1380 a
912 1316 1102 1394 volatilibus,
1126 1337 1146 1380 a
1197 1315 1400 1390 demonibus,

281 1416 318 1462 fro
384 1415 490 1479 legessrm
562 1418 599 1464 iro
631 1418 717 1465 aelcvm
782 1426 890 1482 costrnge
999 1421 1087 1468 dioblea
1130 1418 1190 1468 llerh
1262 1419 1410 1481 inoeiginege

293 1501 313 1542 a
334 1478 529 1556 fulminibus,
557 1482 597 1544 ab
623 1480 708 1544 omni
732 1483 940 1565 temptatione
973 1483 1103 1559 diabuli,
1131 1504 1189 1568 per
1205 1481 1440 1546 invocationem

295 1581 373 1644 halges
431 1599 498 1630 nome
548 1581 617 1630 hines
660 1583 714 1631 hael'
763 1584 826 1631 crist'
880 1583 957 1632 &vlle
1000 1586 1071 1633 riesas
1119 1583 1169 1632 mia
1210 1583 1274 1630 leder
1315 1598 1333 1646 Ἰ
1391 1581 1441 1630 mia

282 1645 384 1709 saneti
399 1645 534 1710 nominis
557 1646 614 1721 tui,
641 1645 719 1710 Jesu
732 1646 868 1724 Christe,
897 1648 952 1732 qui
977 1669 1091 1732 regnas
1106 1669 1179 1712 eum
1194 1646 1291 1712 Patre
1307 1655 1343 1710 et
1369 1667 1442 1710 oum

298 1748 390 1810 halgvm
456 1757 521 1811 gatte
554 1747 667 1796 doliola&
693 1749 718 1795 in
743 1749 834 1811 porvld’
901 1751 990 1798 vorrld’

283 1811 405 1898 Spiritu
422 1812 548 1888 Sancto,
571 1811 650 1875 vivis
687 1811 720 1875 in
736 1812 844 1876 secula
858 1813 1047 1878 seculorum.

760 2063 844 2106 ITEM
867 2063 953 2105 ntra·

321 2309 324 2314 ¹
443 2253 564 2302 vabiddas
607 2251 652 2300 ileo
712 2251 783 2300 driht’
849 2253 925 2316 hoelga
981 2253 1045 2300 leder
1151 2251 1214 2298 allm'
1346 2265 1388 2297 eoo

327 2317 385 2402 (1.)
412 2315 583 2380 Preeamur
607 2325 648 2390 te,
677 2313 816 2379 Domine
831 2329 949 2392 sancte,
968 2315 1063 2379 Pater
1093 2313 1303 2398 omnipotens,
1319 2321 1440 2376 aeterne

312 2421 357 2482 god
412 2419 503 2482 geriord
552 2418 592 2466 sed
697 2417 768 2466 wdlio
873 2421 894 2478 {t
970 2419 1005 2482 pil
1085 2418 1162 2464 mama
1252 2414 1312 2464 hin?
1386 2407 1440 2476 pan’

280 2483 381 2559 Deus,
413 2483 494 2546 satia
517 2501 625 2546 semen
640 2479 824 2546 seminalem
841 2502 935 2566 quam
952 2481 1022 2544 vult
1046 2479 1081 2543 in
1095 2477 1222 2543 nomine
1254 2487 1311 2542 tuo
1335 2477 1441 2542 Pana·

425 2584 493 2634 aelle
535 2584 557 2632 le
621 2584 654 2631 οῖ’
735 2584 781 2632 alle
849 2591 955 2709 lpaestmo
1010 2581 1081 2632 eorde
1131 2596 1147 2646 Ἰ
1205 2581 1254 2628 ofer
1332 2581 1391 2628 sedo

279 2647 393 2724 ehihel,
432 2648 488 2733 qui
520 2657 569 2711 est
595 2668 691 2732 super
715 2667 824 2710 omnes
863 2658 973 2712 ructus
999 2656 1093 2710 terrm
1123 2654 1157 2708 et
1182 2665 1279 2728 super
1304 2643 1439 2720 semina,

282 2750 340 2798 ‚mia
405 2751 477 2798 feorr'
557 2748 721 2812 7leorrtigrm
764 2747 871 2798 &ruenda
967 2750 1034 2812 engle
1115 2745 1181 2796 selle
1222 2745 1267 2794 aas
1301 2747 1413 2810 gesoeaeft

279 2835 352 2878 cum
368 2821 517 2898 quattuor
533 2811 742 2898 quadraginta
756 2811 884 2876 milibus
906 2812 1101 2896 angelorum,
1125 2810 1180 2895 qui
1214 2808 1275 2874 hae
1289 2820 1439 2872 ereatura

279 2917 447 2979 hroelchvoegv
487 2915 554 2964 ousae
618 2915 630 2962 l
711 2915 745 2962 oi'
810 2915 909 2978 gidaeled
949 2914 1020 2963 ωδε
1053 2913 1207 2976 rugisoended
1273 2909 1409 2960 terhwnia

300 2979 421 3066 ahquid
466 2987 571 3042 sumat
599 2976 651 3041 vel
676 2998 772 3062 super
811 2977 912 3042 effusa
941 2990 1024 3042 terra
1067 2977 1184 3041 inlessa
1241 2983 1438 3060 permaneat,

278 3083 324 3144 ¹pte
372 3081 526 3145 siegemielad
596 3096 664 3130 noma
728 3080 774 3128 ain
817 3096 848 3129 on
890 3081 960 3128 allum
1033 3079 1106 3128 earhe
1147 3094 1211 3144 7on
1242 3078 1324 3128 aelcvm
1374 3084 1440 3124 storo

277 3154 315 3208 ut
336 3142 554 3230 magnificetur
569 3164 684 3208 nomen
706 3153 797 3206 tuum
812 3142 846 3206 in
860 3143 1007 3208 universa
1029 3151 1115 3208 terra
1134 3142 1215 3206 etin
1241 3139 1328 3204 omni
1352 3139 1437 3216 loeo,

279 3248 324 3307 pte
357 3249 417 3309 pitto
465 3246 662 3310 haehnoleynno
705 3245 790 3294 f'ellon
868 3262 898 3294 ue
947 3247 968 3294 is
1035 3244 1096 3294 oller
1150 3247 1196 3308 god
1260 3245 1333 3302 butan
1394 3242 1440 3291 hee

278 3319 316 3372 ut
342 3310 442 3374 sciant
500 3317 611 3394 gentes
678 3309 827 3394 quoniam
855 3317 993 3372 nonest
1022 3308 1103 3372 alius
1128 3309 1219 3373 Deus
1247 3316 1356 3391 preter·
1393 3307 1438 3382 te,

278 3410 339 3459 ilerh
387 3413 432 3474 god
535 3411 690 3474 allmaehtigne
792 3409 902 3474 *jherh
946 3410 1108 3459 lionehlalerd
1193 3410 1296 3458 riesande

277 3495 336 3558 per
366 3474 473 3538 Deum
503 3473 760 3558 omnipotentem,
787 3483 821 3538 et
846 3495 903 3558 per
941 3473 1116 3538 Dominum
1153 3473 1379 3547 dominantem,
1405 3481 1439 3535 et

277 3574 338 3623 llerh
394 3591 452 3623 arna
532 3575 569 3622 his
655 3575 709 3624 hael'
822 3576 877 3624 mist
969 3574 1037 3623 aelio
1054 3576 1129 3624 tvoell
1189 3576 1261 3637 ap'lna
1368 3589 1439 3636 geno·

278 3659 336 3723 per
363 3637 479 3702 Filium
505 3659 598 3701 suum
627 3638 737 3702 Jesum
768 3637 942 3714 Christum,
973 3638 1028 3722 qui
1055 3659 1124 3701 ‚xm
1152 3637 1312 3722 apostolos
1331 3637 1437 3701 nomi-

277 3741 344 3788 mede
425 3755 517 3788 nomrm
615 3739 686 3787 f'lton
719 3739 839 3802 iehalsigo
867 3739 912 3788 hee
971 3741 1063 3803 geseaeft
1128 3748 1212 3788 raetres
1250 3742 1297 3799 ‘fita
1335 3739 1421 3801 gehate

276 3803 363 3867 navit
390 3803 589 3880 nominibus;
612 3803 684 3868 ideo
719 3803 830 3887 adjuro
867 3813 909 3879 te,
949 3813 1094 3867 ereatura
1128 3824 1222 3886 aque,
1257 3812 1295 3866 ut
1321 3801 1439 3886 jubeat

326 3907 397 3954 driht'
472 3921 546 3954 neoeo
622 3906 671 3968 ylel
762 3921 836 3954 neaeo
868 3907 1036 3954 evildlcvalm
1076 3922 1106 3953 ne
1119 3922 1152 3954 mo
1228 3912 1325 3966 eostrng
1413 3907 1438 3953 in

276 3969 436 4032 Dominus
459 3990 563 4053 neque
588 3969 716 4044 malum,
743 3989 847 4054 neque
876 3969 1026 4044 valitudo,
1058 3990 1162 4052 neque
1198 3967 1377 4050 temptatio
1404 3969 1439 4032 in

276 4070 366 4119 Sissvm
382 4072 462 4134 hrippe
510 4086 609 4133 gepyrca
673 4071 703 4118 ah
753 4087 799 4119 sva
824 4069 1010 4134 sepiliirpearda
1020 4073 1065 4134 god
1097 4071 1146 4118 divl
1202 4069 1268 4118 seha
1312 4070 1414 4118 adorned

290 4133 351 4198 hae
370 4155 472 4198 messe
488 4143 645 4217 operatur,
663 4133 718 4198 sed
733 4133 816 4197 siout
845 4134 1023 4198 Asmadeus
1066 4133 1192 4210 demon,
1209 4132 1265 4218 qui
1279 4132 1438 4216 fugitivus

177 4285 180 4292 ,
286 4235 307 4283 ia
338 4236 375 4282 fro
401 4236 460 4296 galle
509 4231 574 4284 finees
621 4234 680 4283 heth
753 4236 847 4298 taphoel'
961 4235 1158 4299 lionehehengel
1207 4252 1254 4284 svae
1288 4235 1437 4298 sieaflegedo

177 4297 184 4312 ¹
276 4306 326 4362 est
352 4320 371 4362 a
395 4297 468 4362 felle
494 4297 590 4383 piscis
616 4311 674 4382 per
701 4298 919 4384 Raphahelem
949 4299 1183 4383 archangelum,
1210 4298 1257 4363 sio
1282 4299 1436 4382 fugantur
