2986 5074
497 513 732 561 suono-saxon
756 499 888 562 amuis.
1228 505 1269 566 89

107 653 198 701 deleres
255 653 324 704 dines
418 667 420 672 ·
582 657 691 719 gimyndc
806 658 967 706 vetosceadon
1003 660 1047 717 aa
1070 657 1146 707 balta
1186 662 1252 707 vs'rae

107 715 235 782 fossoris
265 719 321 794 tui,
347 717 443 795 illius,
473 718 769 784 commemoratione
792 720 979 797 deferemus,
1007 731 1044 785 ut
1074 723 1131 807 qui
1160 731 1267 786 nostre

114 819 221 869 soltfaest'
285 823 367 871 baeldo
449 837 478 869 nc
542 823 640 870 abbave
729 823 766 870 his
799 821 866 871 salto
899 822 932 871 ae
964 825 1095 886 gicvoemde
1144 825 1218 872 bend?

101 882 237 966 justitiae
264 885 411 949 fiduciam
433 905 496 948 non
519 884 681 959 habemus,
713 885 782 969 ejus
809 886 864 971 qui
890 886 948 951 tibi
974 887 1095 972 placuit
1117 887 1266 972 precibus

108 1002 137 1033 ve
149 987 182 1034 sie
193 987 292 1051 aholpen

107 1049 302 1134 adjuvemur,
329 1073 387 1136 per
410 1050 585 1114 Dominum

247 1185 325 1249 halges
414 1185 533 1232 ondeteres
584 1183 652 1232 dines
809 1185 860 1248 vsig
952 1187 1040 1234 vebid'
1150 1185 1221 1233 driht'

152 1247 211 1332 (7.)
238 1247 347 1312 Sancti
375 1246 563 1312 confessoris
592 1247 649 1323 tui,
676 1247 771 1324 illius,
802 1270 869 1324 nos,
902 1271 1084 1334 quesumus,
1113 1248 1260 1324 Domine,

122 1350 179 1399 scild
254 1351 350 1398 fvltvmi
423 1352 467 1410 'tte
510 1350 547 1397 his
623 1351 695 1412 symle
824 1350 967 1415 bingrngrm
1069 1350 1250 1413 vcsioaholpen

104 1421 196 1477 tuere
225 1413 391 1500 praesidiis,
425 1423 462 1477 ut
495 1413 564 1497 ejus
601 1434 725 1499 semper
757 1413 1035 1479 intercessionibus
1065 1415 1259 1500 adjuvemur,

106 1582 166 1646 per

268 1697 330 1760 lmlg'
630 1697 750 1746 ondetcres
830 1695 883 1744 ain’
1077 1693 1154 1757 girabo
1218 1711 1245 1740 rs

150 1759 210 1845 (8.)
251 1758 369 1835 Sancti,
407 1758 554 1834 Domine,
603 1758 791 1823 confessoris
836 1758 893 1834 tui,
928 1756 1024 1833 illius,
1061 1757 1167 1822 tribue
1203 1778 1262 1820 nos

217 1863 290 1910 boen?
410 1860 645 1924 §teveaieaholpen
665 1864 709 1921 pte
767 1860 818 1909 baso
930 1859 1046 1922 giliomisc
1160 1860 1244 1922 gerch

71 1930 73 1934 ’
103 1923 388 2010 supplicationibus
474 1924 581 2000 foveri,
667 1934 704 1988 ut
749 1925 840 2008 cujus
884 1923 1114 2007 depositionem
1155 1943 1261 1986 annuo

131 2027 276 2090 vegimcrsia
339 2026 442 2074 hernioso
523 2027 560 2074 his
618 2027 669 2075 mia
702 2027 746 2077 bec
843 2026 961 2090 aingvngr
1077 2043 1094 2090 Ἰ
1139 2028 1255 2087 eamrngi

103 2090 299 2155 celebramus
321 2089 484 2176 obsequio,
508 2090 577 2174 ejus
601 2090 686 2176 apud
708 2100 741 2156 te
766 2089 1044 2156 intercessionibus
1074 2098 1107 2154 et
1143 2088 1264 2154 meritis

104 2209 134 2241 ve
145 2193 178 2240 sie
188 2193 335 2255 gifremmedo
348 2190 384 2256 (ἲ)

105 2256 371 2331 commendemur,
414 2277 473 2339 per
494 2255 536 2318 Ι)’

267 2391 344 2454 gehen
399 2369 462 2453 γεῖς’
513 2389 584 2437 asso
729 2391 798 2454 paea
960 2391 1031 2453 magr
1161 2387 1231 2436 aina

150 2453 209 2539 (9.)
236 2453 362 2538 Adjuva
391 2473 458 2528 nos,
486 2452 633 2528 Domine,
664 2452 887 2538 deprecatione
914 2463 1094 2516 sanctorum
1123 2460 1260 2525 tuorum,

115 2572 133 2621 Ἰ
166 2555 342 2606 beadilf'bon
374 2557 456 2618 esdges
531 2557 650 2604 ondetores
917 2553 1034 2617 bingrnge
1153 2553 1224 2600 driht'

103 2630 139 2686 et
174 2619 325 2705 precipue
370 2617 455 2683 beati
485 2617 672 2682 confessoris
687 2616 744 2694 tui,
758 2617 853 2693 illius,
863 2617 1096 2693 intercessione,
1113 2616 1261 2692 Domine,

137 2739 166 2771 ve
181 2723 231 2771 bid'
337 2722 373 2769 fro
446 2721 502 2768 aler
575 2719 760 2783 piaemoednise
828 2718 954 2783 giscildbr
1045 2718 1097 2768 aas
1185 2727 1210 2766 to

104 2807 287 2870 quesumus,
336 2785 376 2848 ab
435 2782 520 2845 omni
571 2783 760 2848 adversitate
814 2791 971 2867 protegas,
1028 2784 1119 2867 cujus
1168 2782 1190 2844 h
1233 2803 1263 2846 re

131 2888 229 2936 nedreht
317 2887 414 2949 symbel'
545 2884 563 2949 Π
621 2885 670 2934 mit
709 2886 819 2949 glaednisc
857 2885 959 2948 gaestlioi
1040 2901 1067 2932 vc
1080 2883 1163 2946 porois
1218 2887 1263 2943 itte

101 2951 247 3016 debitum
268 2948 488 3014 sollemnitatis
510 2949 593 3014 diem
610 2969 682 3012 cum
702 2947 815 3012 laetitia
840 2946 975 3032 spiritali
1001 2967 1196 3022 veneramur,
1224 2956 1261 3009 ut

148 3051 207 3102 itera
271 3054 346 3116 symb'
394 3049 493 3100 vadoeit
575 3051 695 3112 giloeleva
776 3051 871 3097 fvltrms

103 3137 239 3202 quorum
265 3117 346 3180 festa
371 3113 519 3200 gerimus,
546 3113 718 3178 sentiamus
744 3111 908 3188 auxilium,
934 3135 990 3198 per

281 3250 326 3312 80‘1
398 3247 506 3311 gileaffvl'
553 3247 726 3296 estlean'endl
821 3247 886 3322 serlo
1000 3247 1070 3309 gionn
1105 3249 1149 3307 pt,
1181 3248 1256 3323 ,figat

149 3313 230 3397 (10·)
255 3311 355 3389 Deus,
378 3311 520 3377 fidelium
540 3319 757 3375 remunerator
779 3331 963 3403 ammarum,
985 3320 1094 3396 presta
1114 3319 1150 3374 ut
1173 3311 1259 3374 beat,

168 3415 246 3462 ondet'
343 3413 396 3462 ain’
549 3411 601 3462 dns
692 3411 803 3477 arpyrbe'
917 3413 1038 3460 vemersia
1135 3414 1211 3475 symb'

102 3477 292 3542 confessoris
340 3476 397 3553 tui,
420 3475 516 3550 illius,
538 3476 629 3560 cujus
654 3475 864 3540 venerandam
888 3475 1083 3540 celebramus
1109 3474 1262 3540 festivita-

212 3580 249 3628 his
304 3580 401 3628 beadvm
499 3579 618 3641 l'agefnise
748 3596 775 3627 ve
787 3579 850 3641 sylga

101 3653 178 3719 tem,
195 3643 264 3727 ejus
278 3643 425 3729 precibus
440 3641 668 3726 indulgentiam
685 3663 923 3727 consequamur,
940 3663 998 3727 per
1013 3641 1055 3704 D’

330 3773 455 3822 miltheart'
563 3771 607 3820 ain
695 3773 767 3820 driht'
864 3790 891 3820 rs
1000 3774 1087 3821 vebid'
1183 3775 1260 3836 grain-

148 3840 229 3924 (11.)
255 3836 507 3902 Misericordiam
533 3844 630 3910 tuam,
658 3834 805 3910 Domine,
829 3836 930 3912 nobis,
955 3857 1136 3920 quesumus,
1162 3835 1259 3901 inter-

98 3943 175 4006 gende
280 3942 351 4002 ondg?
416 3940 506 3986 ondet’e
571 3935 629 3984 ains
785 3937 877 3984 rvmlioe
974 3936 1048 3999 agell
1123 3953 1140 4001 7
1200 3956 1227 3987 vs

99 4004 249 4070 veniente
265 4005 359 4069 beato
380 4001 557 4066 confessore
576 4009 641 4074 tuo,
661 3997 725 4074 illo,
750 3998 922 4064 clementer
942 3998 1089 4084 inpende,
1113 4011 1146 4065 et
1167 4003 1259 4067 nobis

145 4107 284 4170 oyunlvllvm
361 4103 412 4154 aas
478 4103 584 4166 gimildsa
664 4101 760 4150 fvlttmr

101 4168 323 4256 peccatoribus
337 4167 438 4254 ipsius
453 4165 624 4251 propitiare
640 4163 805 4249 suffragiis,
821 4186 880 4250 per

328 4305 382 4352 slm’
560 4317 598 4350 ece
744 4301 790 4364 god
839 4299 902 4350 bem
958 4303 1002 4350 alle
1114 4303 1210 4366 giheralt

147 4366 228 4451 (12.)
254 4366 474 4451 Omnipotens,
506 4364 696 4449 sempiterne
723 4365 823 4440 Deus,
848 4363 899 4428 oui
930 4374 1044 4430 cuncta
1067 4365 1259 4432 famulantur

1103 4487 1127 4529 u
