2986 5074
275 473 318 532 40
659 485 894 531 suono-saxon
915 485 1048 530 nrruaa.

436 624 502 689 giher
597 621 670 674 driht'
777 627 855 674 bream
936 626 1005 674 solcas
1047 625 1116 674 dines
1132 641 1204 676 neaec
1233 625 1300 675 f’bor
1365 629 1418 676 mid

321 689 381 776 (3.)
406 687 542 766 Exaudi,
567 688 715 765 Domine,
741 690 895 774 gemitum
921 689 1033 775 populi
1056 690 1113 767 tui,
1138 711 1198 754 nec
1234 691 1308 776 plus
1347 693 1433 776 apud

275 791 320 842 itec
384 795 452 856 maegi
495 793 659 856 ondspyrnisse
739 795 875 856 agyltendra
998 790 1048 840 lion
1161 791 1287 842 miltbeort'
1384 793 1428 842 sin

286 865 320 920 tc
361 857 466 922 valeat
510 856 640 921 offensio
683 856 946 943 delinquentium,
981 879 1077 942 quam
1120 855 1335 922 misericordia
1380 867 1435 921 tua

275 959 382 1008 rnnende
392 959 404 1006 l
414 960 507 1022 agelone
518 959 530 1006 i
540 957 624 1023 gilcfdc
657 974 741 1022 popvm
838 960 981 1008 boensandra

390 1023 514 1088 indulta
633 1021 761 1086 fletibus
783 1022 1041 1108 supplicantium,
1065 1043 1123 1107 per

436 1158 530 1233 gibet·
608 1155 681 1232 dribt’
802 1156 847 1205 lolc
954 1155 999 1204 ein
1063 1156 1095 1204 all
1154 1155 1199 1232 ite·
1235 1155 1308 1205 tohu
1363 1160 1435 1207 rndcr

322 1217 381 1305 (4.)
406 1219 543 1296 Exaudi,
570 1220 718 1297 Domine,
751 1219 906 1305 populum
937 1227 1028 1282 tuum
1051 1228 1119 1284 tota
1143 1221 1202 1283 t1b1
1225 1229 1331 1284 mente
1360 1224 1435 1286 sub-

274 1322 361 1372 aioded
427 1326 472 1384 pta
514 1324 610 1372 lichome
658 1338 675 1386 Ἰ
724 1322 797 1370 &ohta
861 1323 971 1384 giscilded
1055 1323 1074 1382 ρ
1116 1323 1237 1371 ariastlicc
1260 1322 1347 1384 gilefea
1376 1323 1434 1371 sins

270 1387 403 1471 jectum,
428 1396 473 1465 ut,
497 1409 628 1472 corpore
654 1397 687 1452 et
709 1395 816 1450 mente
833 1394 1005 1472 protectus,
1029 1385 1115 1470 quod
1157 1385 1210 1471 pie
1254 1387 1357 1450 credit
1380 1399 1435 1452 tua

303 1491 354 1552 sese
466 1491 553 1553 aifrlaa

274 1553 376 1638 gratia
398 1563 618 1638 consequatur,
641 1575 699 1640 per
836 1624 841 1636 ¹
1334 1629 1338 1632 ,

447 1691 526 1754 ahur
656 1691 745 1754 pauc
858 1685 930 1736 aare
1054 1688 1098 1736 aa
1206 1685 1251 1735 arn
1328 1702 1345 1750 Ἰ
1400 1690 1435 1736 ετ

321 1751 380 1838 (5.)
407 1755 576 1830 Conserva,
608 1773 790 1840 quesumus,
822 1751 969 1826 Domine,
1000 1751 1154 1836 populum
1183 1759 1283 1826 tuum,
1323 1763 1359 1815 ct
1396 1754 1436 1816 ab

307 1858 376 1906 allrm
465 1856 541 1906 balle
588 1855 746 1921 pegiesrnialt
823 1853 997 1917 pibirpordnis?
1078 1854 1132 1916 ngef
1204 1854 1332 1916 sorgleasne
1391 1858 1436 1916 ᾗτε

272 1921 419 1985 omnibus
463 1941 541 2006 quas
585 1933 748 1984 meremur
786 1917 1028 1982 adversitatibus
1057 1916 1154 1980 redde
1188 1937 1346 1994 securum,
1387 1929 1435 1994 ut,

324 2022 444 2086 smyltnise
525 2022 653 2070 ondfoendc
686 2021 796 2084 oestigvm
823 2019 856 2068 be
911 2019 984 2068 &ohta
1059 2019 1136 2081 gibero

275 2085 492 2171 tranquilitate
507 2095 665 2172 percepta,
683 2085 797 2150 devota
818 2082 877 2148 tibi
898 2092 1004 2147 mente
1026 2081 1191 2160 deserviat,
1215 2103 1272 2168 per

437 2220 482 2284 god
530 2219 593 2269 brem
648 2220 743 2282 syndrig
818 2215 839 2266 is
867 2218 1076 2294 plebegimilsags
1109 2216 1182 2279 symle
1248 2229 1265 2280 Ἰ
1317 2219 1404 2280 spaerio

321 2284 381 2369 (6.)
406 2284 506 2360 Deus,
537 2283 589 2348 cui
618 2283 781 2370 proprium
805 2291 856 2346 est
897 2303 1046 2345 mrserere
1091 2301 1215 2364 semper
1237 2288 1271 2344 et
1289 2302 1436 2365 parcere,

297 2388 367 2436 onlob
523 2389 596 2436 boene
768 2401 820 2433 vara
928 2399 944 2447 Ἰ
989 2382 1064 2432 daile
1145 2375 1233 2446 synna'
1327 2395 1438 2448 tacenteg

276 2451 401 2537 suscipe
439 2451 693 2536 deprecationem
731 2457 880 2524 nostram,
921 2456 955 2510 et
989 2468 1068 2532 quos
1098 2445 1285 2510 delictorum
1321 2459 1438 2513 catena

290 2553 437 2618 gifoestnigalt
503 2554 588 2602 milsal
644 2552 720 2600 binrae
736 2549 859 2600 arfoestnis'
908 2551 983 2598 rndoe

274 2617 463 2703 constringit
476 2617 634 2682 miseratio
650 2625 716 2680 tuae
731 2614 859 2701 pietatis
874 2613 1026 2690 absolvat,
1043 2634 1101 2698 ρετ

437 2753 482 2817 god
589 2751 641 2801 hleo
755 2749 880 2799 badcndra
960 2749 1030 2813 blybt
1105 2749 1205 2809 comoda
1337 2751 1386 2798 boel

320 2817 379 2904 (7.)
404 2818 505 2895 Deus,
539 2816 695 2901 refugium
733 2835 919 2899 pauperum,
959 2835 1031 2898 spes
1071 2812 1246 2890 humilium,
1281 2765 1437 2900 salusque

324 2939 419 2971 ...mra
563 2921 637 2968 boenc
777 2918 846 2965 folces
878 2915 947 2964 &ines
973 2917 1119 2964 rvmmodlicc
1167 2916 1240 2978 gihaer
1284 2918 1329 2976 {tte
1374 2917 1408 2966 δε

274 2986 468 3060 miscrormn,
487 2981 733 3070 supplicationes
759 2980 869 3066 populi
893 2979 939 3044 tui
962 2979 1133 3043 clementer
1148 2978 1272 3054 exaudi,
1292 2989 1329 3043 ut
1352 3003 1438 3065 quos

273 3087 416 3139 sobfaestnis’
438 3086 678 3150 teruncgrarsvinca
720 3085 782 3148 dydc
836 3085 966 3148 spocrdeno
1013 3083 1164 3145 genyhtsvme
1268 3081 1384 3131 lcccdomc

285 3153 417 3240 justitia
478 3152 644 3216 verberum
712 3147 799 3212 faecit
833 3147 964 3211 afflictos
999 3145 1192 3210 abundantia
1220 3146 1435 3211 remediorum

301 3259 345 3306 doe
408 3255 560 3318 gifrocfrendo
618 3262 624 3278 ¹

274 3321 371 3387 saciat
392 3319 580 3393 consolatos,
608 3339 665 3402 ρετ

434 3453 480 3518 god
519 3451 595 3502 tvae
619 3450 705 3500 soiilioe
745 3449 838 3512 giiorses
894 3461 911 3510 Ἰ
972 3444 1092 3494 rimodlice
1162 3448 1271 3510 ongaefcst
1337 3483 1418 3501 .....

320 3517 379 3604 (8.)
404 3519 504 3594 Deus,
532 3516 586 3602 qui
614 3515 700 3598 juste
726 3510 870 3576 irasceris
894 3518 927 3574 et
953 3508 1124 3574 clementer
1149 3509 1295 3594 ignoscis,
1323 3513 1436 3579 afflicti
1479 3495 1480 3574 l

296 3624 353 3671 folce
400 3619 544 3684 gehhero(?)
578 3619 611 3664 eft
621 3615 686 3664 bisch
736 3630 753 3677 Ἰ
789 3613 847 3660 ἰοττε
879 3611 948 3661 &inre
1029 3607 1130 3676 prabbo
1246 3616 1291 3674 pte
1343 3616 1437 3667 ⁸055oe

273 3685 382 3772 populi
406 3685 549 3749 lacrimas
571 3678 701 3764 respice,
724 3676 857 3744 stiram
879 3685 943 3741 tuae
965 3673 1200 3760 indignationis,
1225 3698 1320 3762 quam
1342 3679 1436 3763 juste
1479 3737 1480 3764 Ἰ

283 3788 422 3852 vegiearnia
470 3784 581 3834 mildelice
620 3782 754 3844 ymbpoond

272 3851 439 3925 meremur,
462 3846 618 3934 propitius
633 3854 748 3921 averte,
774 3865 832 3930 ρετ

380 3985 381 3993 ’
434 3985 479 4048 god
510 3981 587 4032 avae
607 3981 657 4044 vsig
720 3980 795 4044 gisiist
869 3979 894 4028 in
922 3995 962 4028 sva
971 3977 1062 4040 monigi
1135 3977 1272 4039 gisryreniss
1380 3998 1412 4030 ne
1479 4027 1480 4050 Ἰ

317 4049 376 4136 (9.)
401 4049 501 4126 Deus,
525 4046 580 4132 qui
601 4067 660 4109 nos
683 4041 838 4130 conspicis
866 4043 900 4106 in
974 4049 1022 4105 tot
1087 4039 1342 4106 tribulationibus
1366 4065 1435 4109 non
1479 4081 1480 4138 Ἰ

288 4170 348 4217 marg
390 4153 544 4201 mderstonda
584 4135 779 4213 gisvoencendra'
815 4147 894 4194 bream
975 4144 1095 4192 rimodlice
1138 4144 1262 4192 eftbihald
1302 4158 1319 4208 Ἰ
1365 4148 1417 4208 ysso
1479 4147 1480 4204 Ἰ

272 4239 365 4305 posse
386 4215 564 4290 subsistere,
581 4213 766 4278 afflictorum
786 4209 939 4296 gemitum
961 4207 1117 4293 propitius
1139 4206 1270 4293 respice,
1294 4217 1327 4274 et
1344 4212 1434 4276 mala
1479 4239 1480 4308 Ἰ

304 4323 348 4371 alle
396 4320 429 4370 ila
439 4318 471 4368 lle
493 4336 521 4368 ve
531 4315 649 4383 giearniab
666 4315 799 4379 ymbpoend
1344 4344 1348 4360 ,
1479 4319 1480 4376 Ἰ

272 4385 378 4450 omnia
403 4406 467 4496 quq
490 4401 647 4448 meremur
675 4386 790 4453 averte,
816 4392 874 4460 ρετ
1479 4379 1480 4464 Ἰ
