3040 5074
249 453 310 520 148
626 470 861 514 suono-saxos
884 469 1018 518 arrum.

250 617 287 673 ut
301 607 493 692 ubicumque
507 604 604 670 fuerit
618 627 745 692 aspersa
764 627 822 691 per
835 604 1066 670 invocationem
1086 605 1188 672 sancti
1202 605 1251 670 tui
1267 605 1408 670 nominis

250 733 352 800 omnis
371 731 530 800 infestatio
555 731 698 798 inmundi
723 731 852 820 spiritus
878 731 1042 809 abiciatur,
1064 742 1228 818 terrorque
1253 731 1409 796 venenosi

251 860 406 947 serpentis
435 857 546 945 procul
575 857 720 944 pellatur,
751 865 784 922 et
813 856 973 942 presentia
1004 857 1112 922 Sancti
1144 856 1284 944 Spiritus
1313 855 1408 920 nobis

251 983 494 1052 misericordiam
510 991 596 1048 tuam
612 983 815 1068 poscentibus
831 983 950 1069 ubique
965 983 1075 1050 adesse
1090 984 1247 1070 dignetur,
1263 1006 1323 1069 per

665 1215 788 1260 ORATIO
812 1215 849 1260 ΙΝ
873 1214 979 1258 DOMO.

297 1349 356 1435 (l.)
381 1348 508 1416 Exaudi
527 1369 595 1426 nos,
618 1354 726 1411 sancte
753 1344 850 1408 Pater
872 1345 1080 1430 omnipotens,
1107 1354 1219 1456 ptemp
1245 1345 1348 1427 Deus,
1373 1355 1409 1409 et

252 1475 378 1540 mittere
393 1473 523 1559 dignare
538 1470 685 1556 angelum
701 1478 792 1534 tuum
811 1467 851 1532 de
871 1468 961 1580 cplis,
985 1479 1022 1534 ut
1039 1467 1080 1553 (ἲ)
1105 1470 1272 1547 custodiat,
1291 1471 1406 1546 foveat,

252 1608 407 1686 protegat,
424 1598 531 1664 visitet
544 1606 578 1662 et
592 1595 740 1662 defendat
755 1615 863 1658 omnes
883 1593 1063 1660 habitantes
1083 1593 1114 1659 in
1135 1595 1195 1660 hoc
1214 1597 1407 1674 habitaculo,

253 1747 311 1812 per

663 1899 849 1944 anssmxio
872 1898 996 1944 nonus.

297 2037 356 2122 (1.)
381 2034 512 2111 Adesto,
528 2031 677 2110 Domine,
694 2029 978 2118 supplicationibus
994 2027 1165 2105 nostriset
1180 2029 1262 2094 hanc
1277 2030 1408 2098 domum

253 2161 371 2227 serenis
386 2159 486 2224 oculis
500 2168 557 2268 tup
571 2158 698 2250 pietatis
713 2157 855 2236 inlustra,
872 2155 1043 2220 descendat
1060 2176 1156 2240 super
1173 2156 1354 2222 habitantes
1372 2159 1408 2221 in

252 2312 291 2356 oa
310 2285 421 2374 gratiae
441 2294 497 2396 tup
519 2284 607 2369 larga
627 2284 806 2361 benedixio,
830 2292 867 2347 ut
886 2283 920 2346 in
939 2281 990 2346 his
1010 2280 1197 2346 manufactis
1215 2281 1407 2347 habitaculis
1511 2283 1512 2324 ἓ

252 2437 325 2481 cum
346 2411 530 2479 salubritate
552 2418 725 2488 manentes,
747 2408 810 2495 ipsi
829 2417 921 2473 tuum
943 2429 1068 2493 semper
1089 2405 1153 2472 sint
1178 2406 1406 2484 habitaculum,

252 2563 311 2636 per
404 2555 407 2567 '

796 2695 882 2736 suls.

298 2827 357 2916 (1.)
383 2823 509 2890 Exaudi
530 2845 597 2899 nos,
622 2830 729 2888 sancte
754 2822 851 2890 Pater
870 2824 1079 2910 omnipotens,
1100 2832 1221 2936 aeternp
1244 2824 1346 2899 Deus,
1370 2833 1409 2887 ut

251 2955 280 3020 si
309 2976 383 3041 quae
412 2960 488 3018 sunt
515 2948 672 3015 contraria
700 2949 734 3012 in
763 2949 823 3017 hac
848 2950 942 3015 domo
972 2950 1163 3015 famulorum
1187 2960 1325 3028 tuorum,
1356 2950 1409 3014 vel

252 3079 372 3146 famulii
387 3079 444 3158 tui,
460 3077 647 3146 auctoritate
661 3075 834 3162 majestatis
850 3085 907 3186 tup
921 3076 1089 3161 pellantur,
1105 3098 1163 3164 per

797 3307 884 3350 ALIA.

299 3426 359 3510 (1.)
384 3421 534 3499 Benedic,
547 3421 638 3486 Deus
650 3420 859 3507 omnipotens,
875 3422 982 3488 locum
992 3422 1098 3500 istum,
1115 3431 1152 3488 ut
1168 3423 1209 3488 sit
1219 3419 1311 3490 nobis
1322 3426 1357 3490 in
1369 3449 1409 3491 eo
1510 3439 1511 3474 ³

255 3553 382 3630 sanitas,
393 3550 542 3616 sanctitas
552 3557 585 3614 et
596 3548 733 3625 castitas,
749 3549 859 3628 virtus,
875 3550 1007 3616 victoria
1021 3559 1054 3616 et
1069 3550 1284 3628 sanctimonia,
1301 3561 1335 3616 et
1349 3553 1409 3617 hu-

253 3677 371 3744 militas
386 3686 419 3743 et
433 3676 557 3742 bonitas
572 3684 605 3740 et
619 3673 828 3739 mansuetudo
854 3685 887 3740 et
900 3676 1024 3754 lenitas,
1041 3685 1075 3741 et
1091 3676 1256 3762 plenitudo
1267 3676 1358 3763 legis,
1374 3689 1409 3744 et

255 3804 454 3872 oboedientia
468 3803 541 3868 Deo
558 3802 655 3880 Patri,
671 3810 705 3867 et
721 3801 813 3878 Filio,
829 3812 863 3866 et
876 3801 1009 3888 Spiritui
1026 3803 1161 3868 Sancto:
1185 3803 1268 3868 adsit
1283 3827 1409 3892 semper

255 3931 435 3998 benedictio
450 3951 546 4015 super
563 3929 649 3994 hunc
668 3927 783 4004 locum,
805 3937 838 3991 et
860 3949 956 4014 super
976 3950 1085 3993 omnes
1107 3929 1286 4001 habitantes
1305 3932 1340 3998 in
1359 3956 1408 4011 eo,

255 4082 314 4146 per

301 4184 360 4272 (2.)
386 4182 459 4247 Os’.
482 4179 673 4290 Vespertinp
692 4179 795 4244 laudis
813 4179 923 4244 officia.
968 4181 1127 4246 Dominus
1146 4181 1320 4248 vobiscum.
1365 4185 1411 4250 Et

255 4332 329 4378 cum
360 4307 481 4394 Spiritu
518 4316 583 4375 tuo.
644 4307 865 4378 Persolventes
898 4307 1096 4376 clementiam
1131 4321 1227 4388 tuam,
1259 4311 1408 4390 Domine,
1509 4391 1510 4402 χ
