3040 5074
250 486 262 546 i
293 509 356 571 120
673 521 908 566 annno-saxon
932 519 1065 564 arnone.

307 665 351 714 ain
448 664 510 726 halig
606 666 709 712 rvmmod
790 665 816 712 oi
845 664 927 712 heofni
987 663 1020 710 sel
1052 661 1101 709 him
1165 663 1217 723 gast
1288 658 1428 727 moyam·

290 739 382 794 tuum
405 738 549 792 sanetum
567 726 761 792 Paraclitum
783 727 824 792 de
846 727 932 792 celis.
977 726 1031 790 Da
1052 724 1098 789 eis
1122 722 1270 808 spiritum
1295 718 1444 802 sapiente

299 849 316 897 Ἰ
382 833 503 894 ondgettes
613 839 664 892 gast
761 831 820 878 hares
869 846 886 894 Ἰ
963 837 1077 878 strenas
1175 831 1226 902 gast

292 907 325 961 et
344 893 534 969 intellectus,
559 892 705 978 spiritum
726 893 849 958 consilii
866 903 899 958 et
919 845 1121 966 fortitudinis,
1138 888 1287 973 spiritum

292 1015 309 1062 Ἰ
386 998 471 1060 ariaest’
536 1011 552 1058 Ἰ
618 997 685 1059 gifyll
743 997 798 1044 hine
1008 1002 1073 1058 gasto
1179 993 1259 1039 ondos'

293 1071 326 1128 et
358 1060 495 1146 pietatm,
530 1068 564 1124 et
599 1058 696 1144 imple
731 1081 804 1124 eum
843 1065 945 1140 [earn]
986 1057 1116 1144 spiritus
1157 1053 1279 1118 timoris
1322 1051 1389 1116 Dei
1421 1061 1445 1112 et

325 1165 396 1213 driht'
493 1165 528 1210 vs’
608 1161 662 1210 hael’
742 1163 795 1211 eris'
880 1176 897 1224 Ἰ
961 1161 1063 1224 gisaegrm
1126 1158 1181 1206 hine
1378 1163 1434 1201 tarne

292 1227 425 1294 Domini
460 1225 580 1290 nostri.
596 1225 674 1292 Jesu
709 1225 839 1302 Christi,-
875 1234 908 1290 et
937 1223 1087 1308 consigna
1118 1243 1192 1286 eum
1224 1225 1339 1300 [eam]
1370 1217 1444 1301 signo

294 1329 444 1392 aaemhaetga
502 1329 557 1376 rode
621 1327 697 1377 Sinrae
773 1328 886 1376 mildelica
967 1344 998 1375 on
1073 1327 1103 1374 lif
1228 1339 1269 1372 ece
1398 1319 1482 1372 terh}

316 1401 426 1500 sancte
475 1391 578 1455 erucis
622 1400 696 1456 tuae
740 1391 943 1477 propitiatus·
959 1391 1004 1454 'in
1044 1388 1141 1482 vitam
1185 1396 1359 1462 aeternam,
1401 1404 1445 1469 per
1481 1375 1482 1416 i

554 1496 589 1541 vs'
718 1495 743 1542 h'
889 1497 910 1542 c’
1038 1495 1090 1540 svn'
1178 1489 1223 1538 tin
1289 1491 1348 1538 mis
1395 1487 1444 1534 itan

294 1558 469 1624 Dominum
504 1565 648 1621 nostrum
684 1557 795 1623 Jesum
825 1557 989 1622 Christum
1018 1555 1119 1619 filiurn
1149 1562 1251 1629 tuum,
1284 1575 1366 1616 cum
1396 1571 1445 1636 quo

294 1661 445 1724 itvlinfah7
506 1661 575 1708 riesas
623 1676 654 1708 on
692 1661 784 1709 annisso
848 1667 924 1724 gestes
1005 1660 1082 1722 helgas
1130 1655 1190 1704 harh
1238 1657 1286 1704 alle
1373 1656 1435 1702 rord'

309 1727 388 1790 vivis
424 1735 458 1790 et
482 1745 596 1808 regnas
622 1723 655 1787 in
678 1724 800 1789 unitate
825 1723 963 1809 Spiritus
990 1721 1108 1798 Sancti,
1133 1718 1327 1806 peremnia
1354 1717 1446 1784 secula

360 1829 417 1878 vorl'

296 1893 493 1967 seculorum3
517 1889 632 1954 Arana.

442 2027 493 2076 sibb
541 2026 574 2074 de
639 2041 655 2089 Ἰ
700 2024 750 2073 mih
815 2033 879 2088 gasto
944 2023 1001 2072 tiu?
1028 2005 1124 2071 'heono
1168 2038 1215 2070 svae
1273 2019 1320 2070 bia
1330 2020 1424 2084 gibloed'

343 2089 402 2174 (2.)
436 2090 504 2154 Pax
533 2089 601 2165 tibi,
629 2099 760 2153 etcum
790 2089 905 2174 spiritu
943 2097 1007 2162 tuo,
1050 2108 1133 2162 eece,
1172 2085 1218 2150 sio
1248 2085 1445 2150 benedicetur

323 2193 365 2240 aelc
429 2208 499 2240 monn
564 2191 606 2239 via
703 2193 748 2239 alli
826 2192 904 2254 'dagi
969 2190 1020 2238 lifes
1052 2186 1121 2236 hines

297 2255 398 2320 omnis
420 2256 514 2319 homo
537 2277 638 2341 usque
661 2253 807 2320 omnibus
829 2254 942 2318 diebus
963 2253 1029 2363 vite
1051 2261 1133 2317 tuae.

636 2485 763 2530 INCIPIT
784 2485 995 2530 EXORCISMUS
1017 2483 1114 2528 sams.

761 2565 784 2601 s

444 2616 593 2680 iegihaelsiga
634 2618 679 2667 hoo
735 2617 823 2680 giseaeft
888 2578 957 2664 adtes
1005 2613 1065 2662 herh
1129 2615 1175 2676 god
1257 2613 1369 2676 lifigend'
1401 2609 1444 2658 terh

345 2678 404 2763 (1.)
440 2679 596 2744 Exoroizo
637 2691 678 2759 te,
713 2685 857 2745 creatura
886 2679 970 2755 salis,
1014 2699 1070 2763 per
1108 2677 1215 2741 Deum
1245 2676 1371 2752 vivum,
1404 2694 1445 2758 per

332 2783 377 2842 god
466 2782 541 2830 sohne
615 2783 643 2832 δ’
717 2786 762 2847 god
859 2777 946 2846 halig''
1036 2780 1063 2828 δ’
1161 2783 1184 2844 g'
1244 2779 1316 2828 seito
1336 2779 1383 2828 dee
1416 2776 1436 2822 δ’

301 2844 408 2908 Deum
444 2867 562 2922 verum,
602 2869 660 2932 per
692 2847 800 2912 Deum
833 2857 986 2922 sanctum,
1025 2866 1082 2930 per
1111 2844 1219 2908 Deum
1250 2843 1309 2928 qui
1344 2853 1378 2908 te
1405 2861 1446 2925 per

348 2948 415 2996 helis'
528 2948 665 3014 honevitga
730 2967 760 2999 on
825 2922 896 2998 vaeire
960 2950 1030 2997 sende
1095 2947 1152 2996 heht
1213 2949 1259 3008 {tte
1299 2923 1374 2994 voe‘re
1389 2917 1447 2991 heht

304 3011 472 3076 Heliseum
508 3014 697 3099 prophetam
733 3014 767 3077 in
804 3035 920 3098 aquam
956 3011 1040 3076 mitti
1073 3011 1178 3096 jussit,
1218 3019 1255 3074 ut
1293 3019 1448 3074 sanaretur

301 3115 467 3164 vnberendnise
484 3123 567 3164 vaetres
599 3120 643 3180 dte
660 3117 838 3180 isvsiegit'rem'
865 3117 910 3165 salt
1005 3116 1076 3178 gihal'
1180 3131 1210 3162 on
1275 3112 1343 3160 haelo

301 3178 450 3243 sterilitas
481 3198 575 3288 aque,
606 3192 643 3246 ut
683 3180 825 3246 efficiaris
866 3179 913 3244 sal
943 3177 1156 3244 exorcizatum
1182 3177 1215 3240 in
1236 3175 1382 3240 salutem
1399 3194 1449 3238 ore

299 3281 407 3344 gilefend'
497 3297 514 3346 Ἰ
547 3283 640 3334 νωεδν
703 3285 772 3332 allvm
837 3281 882 3332 deo
946 3283 1059 3330 onfoendi
1155 3281 1214 3330 haelo
1298 3281 1381 3330 savies
1430 3293 1441 3340 Ἰ

301 3345 453 3422 dentium,
495 3355 529 3411 et
578 3347 621 3412 sis
666 3347 812 3414 omnibus
848 3355 880 3410 te
917 3345 1088 3410 fidentibus
1126 3343 1244 3409 sanitas
1281 3345 1395 3410 anime
1427 3351 1450 3404 et

319 3448 427 3496 iichomes
476 3451 520 3508 hta
567 3450 650 3576 flQiflee
728 3465 786 3514 7aeo
841 3449 946 3512 gifearria
994 3450 1031 3497 fro
1058 3448 1105 3497 hat}
1133 3456 1197 3496 stove
1229 3446 1273 3495 der
1322 3449 1440 3510 astrogden

303 3511 451 3594 corporis,
482 3522 518 3574 ut
548 3533 566 3575 e
591 3513 679 3597 ugiat
705 3524 802 3598 atque
826 3513 968 3578 discedat
994 3514 1034 3578 ab
1061 3535 1099 3578 eo
1125 3512 1196 3575 loco
1225 3533 1289 3596 quo
1311 3529 1450 3596 aspersus

302 3611 394 3660 avbist
459 3614 506 3661 aolc
604 3616 695 3664 scinilno
760 3631 777 3679 Ἰ
844 3615 945 3678 poghivl’
1035 3630 1051 3678 Ἰ
1112 3615 1252 3676 ymboerroi
1323 3615 1416 3663 divhles

302 3675 400 3740 fueris
441 3676 542 3741 omnis
582 3679 715 3744 fantasia
752 3693 785 3744 et
828 3679 980 3764 nequitia,
1020 3678 1073 3743 vel
1111 3677 1251 3742 versutia
1285 3677 1450 3742 diabolicae

320 3780 396 3828 faenes
498 3783 547 3830 aele
590 3799 623 3832 aee
708 3790 759 3858 gast
873 3782 975 3830 vnelaene
1089 3781 1192 3844 gihahsad
1289 3777 1316 3826 a·
1389 3778 1440 3826 aare

302 3844 430 3921 fraudis,
470 3845 635 3932 omnisque
670 3845 800 3931 spiritus
840 3845 1021 3922 inmundus,
1067 3843 1230 3929 adjuratus
1274 3864 1335 3930 per
1384 3861 1450 3912 eun,

303 3946 371 3996 sede
415 3952 510 4011 tocym'
591 3951 611 3998 is
686 3950 791 4012 gidoema
855 3949 917 3996 ovino
984 3964 1000 4013 Ἰ
1077 3948 1150 3996 deado
1265 3945 1345 3994 vorld'
1420 3943 1440 3990 δ’

303 4010 358 4095 qui
388 4021 541 4077 venturus
582 4022 631 4078 est
666 4011 810 4097 judicare
848 4012 935 4076 vivos
976 4022 1009 4076 et
1049 4020 1190 4075 mortuos
1231 4009 1381 4074 seculum
1408 4026 1451 4093 per

337 4114 375 4175 fyr

303 4177 418 4261 ignem.

434 4312 610 4378 Saprndvrlico
660 4315 818 4363 'rvmmodnise
882 4313 928 4362 hin
1045 4313 1108 4360 allm'
1237 4328 1276 4360 eoe
1311 4367 1314 4373 ¹
1389 4313 1428 4376 god

351 4373 409 4458 (Q.)
436 4377 615 4444 inmensam
641 4377 840 4443 clementiam
864 4387 960 4454 tuam,
984 4375 1184 4462 omnipotens
1210 4385 1341 4440 aeterne
1364 4377 1449 4446 Deus,
