3040 5074
643 483 876 528 ANGLO·SAXON
900 479 1032 523 RlTUAL·

560 625 647 689 Hinc
661 631 795 687 mortem
810 629 911 684 morte
926 618 1064 692 diruens,

523 752 696 837 Vitamque
710 749 776 814 vita
789 746 936 832 largiens,

524 877 641 942 Mortis
655 875 834 942 ministrum
849 871 1026 947 subdolum,

525 1001 698 1068 Deviceras
713 997 882 1063 diabolum.

567 1185 664 1249 Nunc
678 1184 712 1248 in
727 1181 867 1269 parentis
881 1181 1022 1258 dextera,

528 1309 658 1373 Sacrata
672 1307 799 1392 fulgens
813 1305 950 1381 victima,

529 1433 626 1510 Audi,
642 1454 818 1518 precamur,
834 1431 938 1496 vivido

527 1561 601 1624 Tuo
616 1560 796 1645 redemptos
812 1557 974 1642 sanguine.

572 1743 648 1818 Quo
662 1751 695 1808 te
712 1751 882 1828 sequentes
897 1739 1042 1806 omnibus

532 1870 664 1934 Morum
679 1890 829 1955 processu
845 1867 944 1933 seculi

531 1998 694 2061 Adversus
709 2018 802 2061 omne
818 1995 1009 2061 scandalum

532 2123 646 2188 Crucis
660 2123 799 2188 feramus
813 2123 965 2188 labarum.
1074 2133 1076 2136 ’

576 2307 698 2384 Prosta,
716 2306 820 2383 Pater,
837 2329 895 2392 per
910 2307 1037 2383 Filium,

533 2434 647 2500 Presta
660 2455 718 2520 per
733 2433 851 2498 almum
868 2433 1033 2520 Spiritum,

534 2564 618 2628 Cum
632 2562 683 2626 his
697 2583 754 2648 per
769 2575 863 2626 evum
878 2561 995 2649 triplici

537 2689 631 2754 Unus
647 2689 739 2754 Deus
755 2689 949 2774 cognomine.

962 2799 1076 2861 Auru.

751 2977 950 3021 ADJURATIO.

323 3089 384 3172 (1.)
408 3089 510 3166 Deus,
528 3089 584 3175 qui
597 3111 655 3176 per
676 3090 783 3176 ignem
806 3091 897 3178 signa
917 3112 1033 3176 magna
1047 3089 1227 3166 ostendens,
1244 3089 1432 3156 Habraham

276 3237 411 3302 puerum
435 3225 526 3280 tuum
541 3217 581 3281 de
604 3216 751 3282 incendio
767 3217 968 3296 Caldeorum,
997 3217 1188 3304 quibusdam
1211 3217 1430 3302 pereuntibus,

277 3344 408 3420 eruisti;
431 3345 533 3420 Deus,
552 3343 608 3430 qui
629 3347 746 3409 rubum
761 3345 871 3411 ardere
886 3345 929 3409 in·
942 3353 1116 3431 conspectu
1131 3343 1240 3430 Moysi
1256 3352 1289 3408 et
1304 3343 1432 3407 minime

277 3469 409 3533 conburi
432 3469 622 3554 permisisti3
656 3472 756 3550 Deus,
785 3472 841 3559 qui
870 3474 910 3538 ab
936 3472 1083 3538 incendio
1110 3472 1246 3537 fornacis
1276 3471 1428 3547 Caldaici,
1487 3491 1488 3522 l

278 3593 438 3681 plerisque
468 3596 638 3673 succensis,
663 3607 728 3664 tres
755 3621 871 3686 pueros
897 3610 970 3666 tuos
994 3600 1112 3666 inlesos
1135 3599 1293 3675 eduxisti;
1329 3598 1427 3675 Deus,
1487 3633 1488 3690 χ

280 3723 344 3810 qui,
376 3723 522 3789 incendio
551 3723 634 3810 ignis
663 3727 818 3812 populum
849 3728 985 3793 Sodome
1014 3737 1048 3792 et
1074 3729 1231 3793 Gamorre
1260 3724 1428 3803 involvens,

280 3851 368 3916 Loht
396 3851 549 3916 famulum
585 3863 677 3918 tuum
707 3875 780 3918 cum
806 3854 871 3920 suis
901 3856 1036 3920 salutem
1066 3853 1210 3930 donasti3
1244 3851 1345 3928 Deus,
1377 3853 1429 3939 qui

278 3989 351 4047 ante
382 3982 552 4048 adventum
581 3992 673 4047 tuum
704 3981 813 4047 Sancti
846 3982 985 4068 Spiritus
1015 3967 1063 4048 tui
1096 3981 1320 4048 inlustratione
1347 3977 1427 4064 ignis

280 4106 389 4171 fideles
413 4117 485 4172 tuos
512 4109 552 4172 ab
575 4107 757 4173 infidelibus
781 4107 844 4173 tuis
870 4109 1046 4186 decrevisti,
1073 4109 1205 4174 ostende
1219 4107 1311 4172 nobis
1326 4105 1357 4169 in
1372 4107 1428 4170 hoc

279 4233 443 4320 parvitatis
458 4242 576 4298 nostrae
598 4233 743 4299 examine
766 4233 915 4298 virtutem
931 4234 1073 4319 ejusdem
1098 4233 1238 4319 Spiritus
1256 4230 1372 4306 Sancti,
1398 4241 1428 4296 et

280 4383 338 4446 per
352 4361 448 4445 hujus
462 4360 544 4446 ignis
568 4360 722 4425 fervorem
744 4360 887 4425 discerne
909 4360 1019 4425 fideles
1043 4371 1076 4425 et
1101 4359 1254 4435 infideles·
1272 4367 1309 4423 ut
1324 4369 1420 4425 tactus
