3040 5074
654 540 889 586 ANGLO-SAXON
913 539 1049 583 nitunt.

621 681 651 746 Ο
667 701 741 744 vere
756 679 852 764 digna
867 677 979 752 hostia,

580 808 643 872 Per
658 829 752 894 quarn
769 807 868 872 fracta
880 815 955 870 sunt
969 804 1114 880 Tartara,

579 933 758 1018 Redempta
773 941 822 996 est
838 931 927 1018 plebs
943 928 1109 1016 captivata,

579 1056 719 1122 Reddita
733 1056 798 1120 vita
813 1053 942 1141 premia

623 1237 797 1323 Consurgit
813 1235 959 1302 Christus
974 1233 1108 1310 tumulo,

580 1366 692 1431 Victor
706 1365 790 1430 redit
803 1365 843 1430 de
857 1366 993 1441 baratro,

578 1489 765 1575 Tyrannum
781 1490 912 1554 trudens
928 1489 1054 1556 vinculo

582 1615 626 1682 Et
640 1639 783 1682 reserans
799 1617 987 1703 paradisum.

625 1799 819 1876 Quesumus,
836 1807 947 1864 auctor
962 1799 1112 1876 omniurn,

582 1931 621 1995 In
637 1929 698 1994 hoe
712 1927 854 2014 paschali
868 1929 994 2014 gaudio,

577 2053 630 2118 Ab
645 2053 731 2118 omni
745 2053 855 2118 mortis
869 2053 992 2139 impetu

579 2179 687 2244 Tuum
703 2179 855 2244 defendas
870 2180 1033 2267 populum.

625 2361 737 2428 Gloria
752 2361 819 2439 tibi,
836 2363 985 2440 Domine,

578 2488 644 2564 Qui
659 2489 858 2554 resurrexisti
873 2491 1048 2568 amortuis,

578 2617 661 2682 Cum
679 2616 774 2682 Patre
789 2625 822 2681 et
839 2617 955 2682 Sancto
973 2617 1103 2703 Spiritu,

576 2741 614 2806 In
630 2743 822 2830 sempiterna
836 2742 951 2809 secula.
997 2747 1113 2810 Auen.

273 3295 406 3383 lapidati
421 3303 505 3372 sunt,
522 3295 600 3360 secti
615 3305 698 3374 sunt,
714 3296 860 3382 temptati
876 3305 959 3373 sunt,
982 3295 1016 3360 in
1031 3297 1188 3364 occisione
1199 3300 1298 3386 gladii
1314 3304 1432 3369 mortui

274 3433 358 3502 sunt,
389 3421 614 3489 circumierunt
642 3421 676 3486 in
706 3423 841 3499 melotis,
873 3423 907 3486 in
936 3422 1075 3508 peilibus
1111 3425 1257 3510 caprinis,
1289 3440 1430 3515 egentes,

273 3549 455 3638 angustiati,
472 3549 588 3626 afflicti,
613 3549 729 3634 quibus
751 3548 868 3634 dignus
890 3571 955 3613 non
977 3559 1046 3614 erat
1067 3551 1215 3628 mundus,
1236 3551 1271 3616 in
1286 3555 1432 3621 solitudi-

273 3681 368 3746 nibus
383 3685 533 3754 errantes,
549 3677 583 3740 in
605 3675 768 3740 montibus
786 3683 819 3740 et
834 3674 867 3740 in
883 3675 1054 3761 speluncis,
1071 3685 1103 3741 et
1118 3675 1152 3740 in
1167 3679 1309 3744 cavernis
1327 3689 1430 3791 terre;

274 3809 355 3876 ethi
370 3829 478 3873 omnes
493 3803 675 3871 testimonio
685 3803 760 3904 fidei
775 3803 908 3889 probati,
920 3803 1037 3868 mortui
1046 3803 1087 3890 (Ρ)
1112 3805 1237 3892 sunt(?)
1254 3806 1288 3871 in
1301 3809 1430 3876 Christo

273 3937 293 4004 J
294 3959 351 4004 esu
365 3933 505 4000 Domino
519 3938 636 3995 nostro.

318 4065 368 4128 R'.
383 4063 403 4128 J
405 4069 548 4126 ustorum
562 4056 676 4122 animae
691 4055 724 4120 in
740 4078 836 4120 manu
852 4056 916 4122 Dei
932 4065 1015 4121 sunt

199 4263 206 4274 ⁸
318 4187 568 4255 V’.Visis....
