2986 5074
439 529 673 588 asopossxon
697 529 831 572 nrruan.
1171 515 1210 597 13

266 667 335 717 hrob'
438 671 511 732 symle
591 671 642 734 vsig
685 670 761 720 baba
811 669 929 734 velifigab
1000 671 1026 717 in
1102 669 1163 718 deab

106 731 188 815 (27.)
221 730 359 808 Fratres,
413 754 537 818 semper
587 755 645 798 nos
701 735 756 819 qui
804 734 939 798 vivimus
993 732 1027 796 in
1078 741 1212 797 mortem

60 833 233 882 vebibonsald
298 835 332 883 f'e
388 834 619 898 Saemhaelendeptc
644 851 676 884 aec
724 837 755 885 lif
794 837 911 884 haelendes
982 835 1115 898 giyppedse
1187 838 1213 884 in

71 897 226 980 tradimur
254 906 384 982 propter
413 899 552 978 Ihesum,
583 909 620 965 ut
648 909 682 966 et
710 900 914 966 vita'lhesus
935 899 1154 964 manifestetur
1178 899 1213 963 in

68 998 145 1048 lichba
217 1016 270 1049 vsrs
332 1001 434 1049 deadlic?

60 1082 154 1126 carne
183 1073 292 1128 nostra
314 1063 449 1128 mortali

255 1211 323 1261 brob'
406 1213 451 1262 sile
515 1214 565 1278 vsig
591 1214 686 1276 tiresia
707 1215 806 1277 'yppedo
839 1212 957 1277 paenas
973 1212 1049 1263 bif'an
1083 1213 1203 1264 hebetia

107 1275 189 1360 (28.)
214 1274 351 1352 Fratres,
375 1297 484 1340 omnes
509 1299 567 1341 nos
607 1231 798 1343 mamibstad
831 1285 957 1362 oportet
978 1287 1052 1342 ante
1074 1278 1214 1344 tribunal

79 1379 160 1428 cristes
212 1380 256 1439 pte
275 1379 385 1442 gihrenga
431 1380 588 1442 anseghvoelc
652 1381 831 1444 syndrigodedo
862 1380 971 1428 liohomes
1035 1397 1083 1430 srae
1136 1383 1198 1446 dyde

63 1441 193 1519 Christi,
217 1450 254 1506 ut
268 1441 384 1506 referat
399 1443 618 1530 unusquisque
670 1443 799 1530 propria
841 1443 990 1530 corporis,
1000 1454 1096 1530 prout
1105 1445 1217 1531 gessit,

62 1543 127 1592 obba
203 1543 251 1608 gdd
306 1542 371 1593 οὔδε
435 1545 484 1608 yfel

63 1607 128 1672 sive
151 1608 281 1686 bonum,
303 1607 368 1672 sive
390 1607 517 1672 malum.

261 1759 330 1809 brob'
393 1761 489 1824 maehtig
546 1760 567 1808 is
626 1761 672 1823 god
760 1759 802 1808 arlo
905 1758 956 1823 gefe
1030 1760 1216 1826 gimonigfaldiga

108 1823 192 1908 (29.)
217 1823 353 1900 Fratres,
384 1833 498 1909 potens
528 1832 577 1888 est
596 1823 698 1888 *Deus
718 1843 844 1887 omnem
870 1823 1004 1907 gratiam
1040 1825 1201 1890 abundare

84 1923 152 1986 grata
184 1925 210 1973 a
277 1927 328 1989 spu
372 1928 417 1987 aa
448 1927 474 1974 a
570 1926 616 1974 ms
730 1925 804 1988 syme
886 1909 940 1973 ὼ
1023 1927 1197 1988 peremniter

63 1986 166 2052 facere
181 1987 214 2052 in
250 1988 350 2066 nobis,
375 1999 413 2052 ut
445 1989 479 2053 in
519 1989 677 2053 omnibus
707 2009 832 2073 semper
864 2009 957 2053 omne
993 1990 1215 2056 sufficientiam

78 2088 207 2139 hebbendo
238 2091 437 2156 giemonigfaldiga
467 2092 493 2140 in
536 2092 591 2140 aler
630 2107 697 2155 poeto
757 2092 816 2154 godi

62 2150 215 2219 habentes
259 2155 426 2219 abundetis
462 2154 496 2218 in
511 2176 603 2219 omne
625 2177 706 2240 opus
727 2156 856 2218 bonum.

261 2304 332 2354 broa'
423 2303 500 2368 gifeat
564 2305 686 2368 *pisfoesto
718 2303 804 2368 passati
816 2305 852 2368 gia
900 2304 1016 2368 gitrymab
1027 2305 1065 2369 gie
1121 2307 1197 2367 silea

107 2367 191 2450 (30.)
223 2367 360 2446 Fratres,
375 2367 529 2452 ¹gaudete,
560 2368 695 2453 perfecti
731 2377 842 2444 estote,
881 2369 1077 2445 exortamini,
1114 2369 1199 2434 idem

72 2467 148 2530 nogia
161 2470 199 2533 ga
268 2472 319 2520 siat
408 2469 500 2520 masaa
569 2485 586 2533 7
636 2447 681 2534 §aa
768 2468 887 2518 nomas
963 2485 980 2534 Ἰ
1036 2472 1112 2520 sabaa
1146 2471 1213 2521 ,aaa

86 2531 196 2616 sapite,
244 2556 355 2619 pacem
393 2535 517 2611 habete,
558 2542 591 2598 et
619 2534 711 2598 Deus
740 2531 917 2598 dilectionis
955 2543 988 2598 et
1025 2535 1113 2620 pacis
1154 2535 1215 2600 erit

87 2634 136 2682 ivih
146 2635 197 2684 mit

63 2697 234 2764 vobiscum.

351 2848 482 2916 neanigff
513 2849 562 2899 irih
594 2850 697 2913 gidoeme
721 2849 747 2897 in
773 2855 852 2897 matta
893 2847 906 2895 i
948 2849 974 2896 in
1008 2849 1087 2898 drinoe
1138 2851 1151 2899 i
1189 2854 1215 2902 in

109 2915 191 3000 (31.)
209 2915 346 2991 Fratres,
379 2936 473 2978 nemo
509 2935 565 2979 vos
577 2913 700 2998 judicet
713 2911 748 2976 in
770 2913 850 2988 cibo,
873 2911 977 2976 autin
998 2923 1086 2997 potu,
1110 2917 1215 2980 autin

96 3017 141 3064 dael
166 3018 277 3080 daegess
317 3016 363 3065 bel’
406 3017 419 3064 i
482 3033 549 3065 nomo
624 3017 637 3064 i
717 3017 849 3078 smnadaga
937 3014 970 3064 ba
997 3017 1080 3064 sindon
1120 3016 1208 3080 f’esoya

65 3090 154 3163 parte
178 3080 242 3144 diei
285 3080 353 3157 esti,
377 3090 434 3144 aut
451 3080 585 3156 nomine,
602 3088 658 3143 aut
675 3079 892 3154 Sabbatorum,
910 3100 982 3163 quae
1004 3087 1079 3142 sunt
1104 3082 1215 3147 umbra

65 3181 254 3246 baratopeardra
292 3183 390 3231 lichoma
449 3181 499 3245 prt'
556 3181 635 3229 cristes
672 3179 795 3244 neaenigis
817 3181 866 3228 ivih
914 3181 999 3242 girvica

65 3244 254 3323 futurorum,
282 3267 396 3331 corpus
418 3255 524 3310 autem
541 3243 662 3310 Christi
689 3265 783 3306 nemo
811 3265 867 3306 vos
890 3243 1029 3308 seducat.

257 3392 327 3442 brob'
379 3395 506 3470 pipoedesi
532 3395 582 3443 ivih
614 3394 702 3443 svoelce
720 3395 825 3458 gicoreno
902 3411 927 3442 es
959 3395 1033 3458 helgo
1069 3397 1081 3444 i
1119 3399 1201 3475 pilense

112 3459 194 3541 (33.)
221 3459 356 3535 Fratres,
379 3458 502 3522 1nduite
523 3480 589 3534 vos,
622 3458 705 3522 sicut
735 3457 828 3523 electi
892 3458 930 3534 ei,
945 3459 1045 3523 sancti
1054 3470 1087 3525 et
1097 3462 1214 3542 drlecti,

83 3559 171 3608 iurabo
236 3560 434 3609 miltheartnisses’
487 3560 714 3624 peldonisirimod’
795 3561 939 3610 edmodn’ise
1031 3564 1200 3626 gimetfaestnis’

65 3622 185 3688 viscera
212 3623 445 3700 misericordiae,
486 3624 722 3708 benignitatem,
763 3624 984 3700 humilitatem,
1019 3628 1214 3709 modestiam,

112 3725 198 3789 gityld
301 3726 457 3776 vnderbearab
531 3728 619 3775 bitvien
660 3743 676 3790 *1
726 3727 850 3790 onpaeldab
931 3728 1054 3777 ivhsoelff

65 3789 260 3871 patientiam,
273 3792 494 3875 subportantes
509 3789 643 3854 invicem
658 3800 691 3854 et
715 3791 868 3876 donantes
882 3791 1122 3878 vobismetipsis.

253 3946 323 3996 hrob’
379 3948 430 3996 sihh
472 3949 552 3996 cristes
594 3949 732 4012 gipynsiiga
758 3949 784 3997 in
842 3948 922 3996 beart?
1007 3948 1051 3997 ivr’
1107 3951 1133 3999 in
1153 3951 1216 4003 baem

112 4012 193 4095 (33.)
219 4011 356 4086 Fratres,
373 4033 437 4096 pax
453 4011 573 4076 Christi
603 4012 726 4076 exultet
754 4011 787 4074 in
809 4012 955 4076 cordibus
970 4012 1092 4091 vestris,
1105 4015 1137 4078 in
1154 4039 1218 4102 qua

67 4128 99 4161 sec
115 4115 217 4177 gioeigdo
251 4130 307 4162 aron
349 4115 375 4161 in
397 4115 442 4162 ani
506 4115 603 4163 lichome
646 4114 930 4180 *Jgiboncoloposabgie
979 4117 1037 4179 pord
1114 4119 1200 4169 Cristes

70 4187 102 4240 et
117 4177 220 4242 vocati
246 4177 322 4241 estis
337 4176 370 4240 in
390 4199 454 4240 uno
470 4198 610 4263 corpore,
631 4190 663 4244 et
705 4179 788 4264 grati
818 4189 929 4257 estote,
949 4182 1081 4246 verbum
1097 4183 1217 4249 Christi

99 4283 169 4344 gibye
208 4281 234 4328 n
274 4280 323 4328 ivn
378 4281 546 4342 momgmanoe
1207 4267 1209 4272 ’

69 4341 190 4410 habitet
204 4343 237 4408 in
251 4343 340 4410 vobis
363 4343 569 4409 abundanter.
