<?xml version="1.0" encoding="UTF-8"?>
<!DOCTYPE html PUBLIC "-//W3C//DTD XHTML 1.0 Transitional//EN"
    "http://www.w3.org/TR/xhtml1/DTD/xhtml1-transitional.dtd">
<html xmlns="http://www.w3.org/1999/xhtml" xml:lang="en" lang="en">
 <head>
  <title>
</title>
<meta http-equiv="Content-Type" content="text/html;charset=utf-8" />
  <meta name='ocr-system' content='tesseract 3.04.00' />
  <meta name='ocr-capabilities' content='ocr_page ocr_carea ocr_par ocr_line ocrx_word'/>
</head>
<body>
  <div class='ocr_page' id='page_1' title='image "./ritualeecclesid00churgoog_0077.png"; bbox 0 0 2986 5074; ppageno 0'>
   <div class='ocr_carea' id='block_1_1' title="bbox 660 471 1054 520">
    <p class='ocr_par' dir='ltr' id='par_1_1' title="bbox 660 471 1054 520">
     <span class='ocr_line' id='line_1_1' title="bbox 660 471 1054 520; baseline -0.01 -2"><span class='ocrx_word' id='word_1_1' title='bbox 660 472 896 520; x_wconf 80' lang='lat' dir='ltr'>ANGLO·SAXON</span> <span class='ocrx_word' id='word_1_2' title='bbox 922 471 1054 517; x_wconf 81' lang='lat' dir='ltr'>RITUAL.</span> 
     </span>
    </p>
   </div>
   <div class='ocr_carea' id='block_1_2' title="bbox 720 732 998 778">
    <p class='ocr_par' dir='ltr' id='par_1_2' title="bbox 720 732 998 778">
     <span class='ocr_line' id='line_1_2' title="bbox 720 732 998 778; baseline 0.004 -3"><span class='ocrx_word' id='word_1_3' title='bbox 720 732 803 776; x_wconf 79' lang='lat' dir='ltr'>ITEM</span> <span class='ocrx_word' id='word_1_4' title='bbox 825 733 998 778; x_wconf 65' lang='lat' dir='ltr'>couti-:cra</span> 
     </span>
    </p>
   </div>
   <div class='ocr_carea' id='block_1_3' title="bbox 280 872 1431 1194">
    <p class='ocr_par' dir='ltr' id='par_1_3' title="bbox 426 872 1430 949">
     <span class='ocr_line' id='line_1_3' title="bbox 426 872 1430 949; baseline -0.005 -25"><span class='ocrx_word' id='word_1_5' title='bbox 426 877 519 940; x_wconf 71' lang='lat' dir='ltr'>goerrig</span> <span class='ocrx_word' id='word_1_6' title='bbox 613 872 697 924; x_wconf 77' lang='lat' dir='ltr'>rebid&#39;</span> <span class='ocrx_word' id='word_1_7' title='bbox 842 873 907 922; x_wconf 80' lang='lat' dir='ltr'>allm’</span> <span class='ocrx_word' id='word_1_8' title='bbox 1051 875 1096 937; x_wconf 79' lang='lat' dir='ltr'>god</span> <span class='ocrx_word' id='word_1_9' title='bbox 1155 875 1199 934; x_wconf 55' lang='lat' dir='ltr'>pte</span> <span class='ocrx_word' id='word_1_10' title='bbox 1264 873 1317 949; x_wconf 70' lang='lat' dir='ltr'>ffiss⁰</span> <span class='ocrx_word' id='word_1_11' title='bbox 1390 872 1430 919; x_wconf 76' lang='lat' dir='ltr'>tin</span> 
     </span>
    </p>

    <p class='ocr_par' dir='ltr' id='par_1_4' title="bbox 280 936 1431 1194">
     <span class='ocr_line' id='line_1_4' title="bbox 327 936 1430 1026; baseline -0.005 -22"><span class='ocrx_word' id='word_1_12' title='bbox 327 942 386 1026; x_wconf 93' lang='grc'><strong>(1.)</strong></span> <span class='ocrx_word' id='word_1_13' title='bbox 414 941 534 1016; x_wconf 84' lang='lat' dir='ltr'>Presta,</span> <span class='ocrx_word' id='word_1_14' title='bbox 574 959 754 1024; x_wconf 79' lang='lat' dir='ltr'>quesumus,</span> <span class='ocrx_word' id='word_1_15' title='bbox 792 938 990 1024; x_wconf 86' lang='lat' dir='ltr'>omnipotens</span> <span class='ocrx_word' id='word_1_16' title='bbox 1024 937 1125 1015; x_wconf 87' lang='lat' dir='ltr'>Deus,</span> <span class='ocrx_word' id='word_1_17' title='bbox 1157 946 1194 1001; x_wconf 92' lang='lat' dir='ltr'>ut</span> <span class='ocrx_word' id='word_1_18' title='bbox 1229 936 1348 1000; x_wconf 81' lang='lat' dir='ltr'>familia</span> <span class='ocrx_word' id='word_1_19' title='bbox 1376 946 1430 999; x_wconf 90' lang='lat' dir='ltr'>tua</span> 
     </span>
     <span class='ocr_line' id='line_1_5' title="bbox 280 1039 1430 1107; baseline -0.007 -13"><span class='ocrx_word' id='word_1_20' title='bbox 280 1044 340 1094; x_wconf 63' lang='lat' dir='ltr'>berb</span> <span class='ocrx_word' id='word_1_21' title='bbox 376 1059 429 1107; x_wconf 74' lang='lat' dir='ltr'>paeg</span> <span class='ocrx_word' id='word_1_22' title='bbox 491 1043 562 1092; x_wconf 84' lang='lat' dir='ltr'>baeics</span> <span class='ocrx_word' id='word_1_23' title='bbox 642 1042 740 1104; x_wconf 79' lang='lat' dir='ltr'>ingac&#39;</span> <span class='ocrx_word' id='word_1_24' title='bbox 787 1058 801 1104; x_wconf 59' lang='grc' dir='ltr'>ς</span> <span class='ocrx_word' id='word_1_25' title='bbox 845 1042 928 1104; x_wconf 73' lang='lat' dir='ltr'>eadges</span> <span class='ocrx_word' id='word_1_26' title='bbox 1003 1039 1052 1090; x_wconf 81' lang='lat' dir='ltr'>iob&#39;</span> <span class='ocrx_word' id='word_1_27' title='bbox 1156 1041 1284 1089; x_wconf 74' lang='lat' dir='ltr'>Peiorncre</span> <span class='ocrx_word' id='word_1_28' title='bbox 1337 1040 1430 1101; x_wconf 64' lang='lat' dir='ltr'>gitrpm-</span> 
     </span>
     <span class='ocr_line' id='line_1_6' title="bbox 280 1102 1431 1194; baseline -0.006 -21"><span class='ocrx_word' id='word_1_29' title='bbox 280 1131 339 1194; x_wconf 90' lang='lat' dir='ltr'>per</span> <span class='ocrx_word' id='word_1_30' title='bbox 362 1109 445 1172; x_wconf 89' lang='lat' dir='ltr'>viam</span> <span class='ocrx_word' id='word_1_31' title='bbox 470 1105 582 1172; x_wconf 82' lang='lat' dir='ltr'>salutis</span> <span class='ocrx_word' id='word_1_32' title='bbox 611 1105 745 1180; x_wconf 78' lang='lat' dir='ltr'>incedat,</span> <span class='ocrx_word' id='word_1_33' title='bbox 775 1114 817 1181; x_wconf 80' lang='lat' dir='ltr'>et,</span> <span class='ocrx_word' id='word_1_34' title='bbox 844 1104 930 1170; x_wconf 86' lang='lat' dir='ltr'>beati</span> <span class='ocrx_word' id='word_1_35' title='bbox 951 1104 1104 1170; x_wconf 84' lang='lat' dir='ltr'>Johennis</span> <span class='ocrx_word' id='word_1_36' title='bbox 1130 1102 1323 1190; x_wconf 84' lang='lat' dir='ltr'>precursoris</span> <span class='ocrx_word' id='word_1_37' title='bbox 1349 1115 1431 1168; x_wconf 85' lang='lat' dir='ltr'>orta-</span> 
     </span>
    </p>
   </div>
   <div class='ocr_carea' id='block_1_4' title="bbox 277 1206 1347 1360">
    <p class='ocr_par' dir='ltr' id='par_1_5' title="bbox 277 1206 1347 1360">
     <span class='ocr_line' id='line_1_7' title="bbox 281 1206 1261 1273; baseline -0.005 -12"><span class='ocrx_word' id='word_1_38' title='bbox 281 1212 331 1262; x_wconf 87' lang='lat' dir='ltr'>niso</span> <span class='ocrx_word' id='word_1_39' title='bbox 428 1208 544 1273; x_wconf 79' lang='lat' dir='ltr'>sylginco</span> <span class='ocrx_word' id='word_1_40' title='bbox 583 1217 616 1257; x_wconf 85' lang='lat' dir='ltr'>to</span> <span class='ocrx_word' id='word_1_41' title='bbox 640 1209 694 1256; x_wconf 88' lang='lat' dir='ltr'>bine</span> <span class='ocrx_word' id='word_1_42' title='bbox 735 1206 799 1256; x_wconf 67' lang='lat' dir='ltr'>benc</span> <span class='ocrx_word' id='word_1_43' title='bbox 841 1206 955 1256; x_wconf 67' lang='lat' dir='ltr'>i&#39;ccvocb</span> <span class='ocrx_word' id='word_1_44' title='bbox 988 1209 1087 1271; x_wconf 81' lang='lat' dir='ltr'>sorgleas</span> <span class='ocrx_word' id='word_1_45' title='bbox 1125 1207 1261 1270; x_wconf 65' lang='lat' dir='ltr'>berhcymo</span> 
     </span>
     <span class='ocr_line' id='line_1_8' title="bbox 277 1226 1347 1360; baseline -0.002 -24"><span class='ocrx_word' id='word_1_46' title='bbox 277 1283 389 1342; x_wconf 71' lang='lat' dir='ltr'>‚menta</span> <span class='ocrx_word' id='word_1_47' title='bbox 403 1226 560 1350; x_wconf 81' lang='lat' dir='ltr'>sectando,</span> <span class='ocrx_word' id='word_1_48' title='bbox 575 1272 615 1340; x_wconf 81' lang='lat' dir='ltr'>ad</span> <span class='ocrx_word' id='word_1_49' title='bbox 630 1293 703 1338; x_wconf 91' lang='lat' dir='ltr'>eum</span> <span class='ocrx_word' id='word_1_50' title='bbox 719 1293 812 1356; x_wconf 92' lang='lat' dir='ltr'>quem</span> <span class='ocrx_word' id='word_1_51' title='bbox 828 1271 966 1360; x_wconf 84' lang='lat' dir='ltr'>predixit</span> <span class='ocrx_word' id='word_1_52' title='bbox 980 1293 1091 1338; x_wconf 84' lang='lat' dir='ltr'>secura</span> <span class='ocrx_word' id='word_1_53' title='bbox 1102 1271 1273 1358; x_wconf 89' lang='lat' dir='ltr'>perveniat,</span> <span class='ocrx_word' id='word_1_54' title='bbox 1290 1269 1347 1355; x_wconf 94' lang='lat' dir='ltr'>qui</span> 
     </span>
    </p>
   </div>
   <div class='ocr_carea' id='block_1_5' title="bbox 326 1406 1431 1559">
    <p class='ocr_par' dir='ltr' id='par_1_6' title="bbox 326 1406 1431 1559">
     <span class='ocr_line' id='line_1_9' title="bbox 474 1406 1431 1484; baseline -0.006 -24"><span class='ocrx_word' id='word_1_55' title='bbox 474 1409 532 1473; x_wconf 74' lang='lat' dir='ltr'>giles</span> <span class='ocrx_word' id='word_1_56' title='bbox 658 1407 744 1458; x_wconf 70' lang='lat' dir='ltr'>vein</span> <span class='ocrx_word' id='word_1_57' title='bbox 842 1449 845 1454; x_wconf 76' lang='grc'>,</span> <span class='ocrx_word' id='word_1_58' title='bbox 881 1406 944 1484; x_wconf 69' lang='lat' dir='ltr'>urm’</span> <span class='ocrx_word' id='word_1_59' title='bbox 1017 1430 1022 1440; x_wconf 91' lang='lat'><em>·</em></span> <span class='ocrx_word' id='word_1_60' title='bbox 1073 1409 1118 1470; x_wconf 71' lang='lat' dir='ltr'>goa</span> <span class='ocrx_word' id='word_1_61' title='bbox 1175 1409 1220 1468; x_wconf 68' lang='lat' dir='ltr'>su</span> <span class='ocrx_word' id='word_1_62' title='bbox 1247 1406 1322 1484; x_wconf 62' lang='lat' dir='ltr'>aare</span> <span class='ocrx_word' id='word_1_63' title='bbox 1350 1409 1431 1483; x_wconf 58' lang='lat' dir='ltr'>uage</span> 
     </span>
     <span class='ocr_line' id='line_1_10' title="bbox 326 1471 1430 1559; baseline -0.004 -21"><span class='ocrx_word' id='word_1_64' title='bbox 326 1475 385 1559; x_wconf 74' lang='lat'>(2.)</span> <span class='ocrx_word' id='word_1_65' title='bbox 422 1473 579 1550; x_wconf 83' lang='lat' dir='ltr'>Concede,</span> <span class='ocrx_word' id='word_1_66' title='bbox 611 1493 792 1558; x_wconf 87' lang='lat' dir='ltr'>quesumus,</span> <span class='ocrx_word' id='word_1_67' title='bbox 818 1480 1017 1558; x_wconf 80' lang='lat' dir='ltr'>omnipotens</span> <span class='ocrx_word' id='word_1_68' title='bbox 1042 1471 1143 1548; x_wconf 89' lang='lat' dir='ltr'>Deus,</span> <span class='ocrx_word' id='word_1_69' title='bbox 1181 1481 1218 1536; x_wconf 91' lang='lat' dir='ltr'>ut</span> <span class='ocrx_word' id='word_1_70' title='bbox 1254 1492 1309 1556; x_wconf 88' lang='lat' dir='ltr'>qm</span> <span class='ocrx_word' id='word_1_71' title='bbox 1345 1473 1430 1535; x_wconf 83' lang='lat' dir='ltr'>beatr</span> 
     </span>
    </p>
   </div>
   <div class='ocr_carea' id='block_1_6' title="bbox 278 1573 1431 1875">
    <p class='ocr_par' dir='ltr' id='par_1_7' title="bbox 278 1573 1431 1875">
     <span class='ocr_line' id='line_1_11' title="bbox 345 1573 1366 1638; baseline -0.005 -13"><span class='ocrx_word' id='word_1_72' title='bbox 345 1576 392 1625; x_wconf 90' lang='lat' dir='ltr'>iob&#39;</span> <span class='ocrx_word' id='word_1_73' title='bbox 468 1577 571 1628; x_wconf 75' lang='lat' dir='ltr'>baeehero</span> <span class='ocrx_word' id='word_1_74' title='bbox 643 1575 741 1638; x_wconf 80' lang='lat' dir='ltr'>symbel&#39;</span> <span class='ocrx_word' id='word_1_75' title='bbox 807 1573 914 1637; x_wconf 76' lang='lat' dir='ltr'>vebigat</span> <span class='ocrx_word' id='word_1_76' title='bbox 969 1575 1007 1622; x_wconf 86' lang='lat' dir='ltr'>bis</span> <span class='ocrx_word' id='word_1_77' title='bbox 1061 1573 1111 1622; x_wconf 69' lang='lat' dir='ltr'>mit</span> <span class='ocrx_word' id='word_1_78' title='bbox 1139 1573 1183 1622; x_wconf 64' lang='lat' dir='ltr'>bec</span> <span class='ocrx_word' id='word_1_79' title='bbox 1230 1573 1366 1638; x_wconf 67' lang='lat' dir='ltr'>tingvnge</span> 
     </span>
     <span class='ocr_line' id='line_1_12' title="bbox 278 1637 1431 1728; baseline -0.003 -22"><span class='ocrx_word' id='word_1_80' title='bbox 278 1639 432 1706; x_wconf 87' lang='lat' dir='ltr'>Johannis</span> <span class='ocrx_word' id='word_1_81' title='bbox 451 1641 591 1728; x_wconf 80' lang='lat' dir='ltr'>baptiste</span> <span class='ocrx_word' id='word_1_82' title='bbox 614 1638 766 1708; x_wconf 81' lang='lat' dir='ltr'>solemnia</span> <span class='ocrx_word' id='word_1_83' title='bbox 788 1638 929 1716; x_wconf 88' lang='lat' dir='ltr'>colimus,</span> <span class='ocrx_word' id='word_1_84' title='bbox 952 1638 1022 1723; x_wconf 85' lang='lat' dir='ltr'>ejus</span> <span class='ocrx_word' id='word_1_85' title='bbox 1047 1647 1125 1724; x_wconf 88' lang='lat' dir='ltr'>aput</span> <span class='ocrx_word' id='word_1_86' title='bbox 1147 1646 1179 1704; x_wconf 89' lang='lat' dir='ltr'>te</span> <span class='ocrx_word' id='word_1_87' title='bbox 1205 1637 1431 1704; x_wconf 87' lang='lat' dir='ltr'>intercessione</span> 
     </span>
     <span class='ocr_line' id='line_1_13' title="bbox 278 1713 587 1807; baseline -0.003 -15"><span class='ocrx_word' id='word_1_88' title='bbox 278 1745 474 1807; x_wconf 73' lang='lat' dir='ltr'>resiegitrymed</span> <span class='ocrx_word' id='word_1_89' title='bbox 575 1713 587 1754; x_wconf 41' lang='grc' dir='ltr'>ε’</span> 
     </span>
     <span class='ocr_line' id='line_1_14' title="bbox 279 1809 466 1875; baseline -0.021 0"><span class='ocrx_word' id='word_1_90' title='bbox 279 1809 466 1875; x_wconf 86' lang='lat' dir='ltr'>muniamur.</span> 
     </span>
    </p>
   </div>
   <div class='ocr_carea' id='block_1_7' title="bbox 325 1940 1432 2090">
    <p class='ocr_par' dir='ltr' id='par_1_8' title="bbox 325 1940 1432 2090">
     <span class='ocr_line' id='line_1_15' title="bbox 440 1940 1432 2004; baseline -0.002 -15"><span class='ocrx_word' id='word_1_91' title='bbox 440 1943 484 2004; x_wconf 80' lang='lat' dir='ltr'>god</span> <span class='ocrx_word' id='word_1_92' title='bbox 516 1941 548 1989; x_wconf 73' lang='lat' dir='ltr'>iic</span> <span class='ocrx_word' id='word_1_93' title='bbox 561 1941 593 1990; x_wconf 64' lang='lat' dir='ltr'>be</span> <span class='ocrx_word' id='word_1_94' title='bbox 614 1943 663 2004; x_wconf 83' lang='lat' dir='ltr'>vsig</span> <span class='ocrx_word' id='word_1_95' title='bbox 688 1943 770 2004; x_wconf 83' lang='lat' dir='ltr'>cadgcs</span> <span class='ocrx_word' id='word_1_96' title='bbox 851 1941 898 1989; x_wconf 85' lang='lat' dir='ltr'>ioh’</span> <span class='ocrx_word' id='word_1_97' title='bbox 985 1943 1071 1990; x_wconf 76' lang='lat' dir='ltr'>breeerc</span> <span class='ocrx_word' id='word_1_98' title='bbox 1146 1941 1226 2004; x_wconf 81' lang='lat' dir='ltr'>giieics</span> <span class='ocrx_word' id='word_1_99' title='bbox 1286 1940 1432 2002; x_wconf 81' lang='lat' dir='ltr'>symbelcen¹</span> 
     </span>
     <span class='ocr_line' id='line_1_16' title="bbox 325 2003 1431 2090; baseline -0.004 -20"><span class='ocrx_word' id='word_1_100' title='bbox 325 2007 383 2090; x_wconf 82' lang='lat'><strong>(3.)</strong></span> <span class='ocrx_word' id='word_1_101' title='bbox 408 2005 508 2082; x_wconf 89' lang='lat' dir='ltr'>Deus,</span> <span class='ocrx_word' id='word_1_102' title='bbox 533 2005 588 2090; x_wconf 92' lang='lat' dir='ltr'>qui</span> <span class='ocrx_word' id='word_1_103' title='bbox 610 2027 667 2069; x_wconf 88' lang='lat' dir='ltr'>nos</span> <span class='ocrx_word' id='word_1_104' title='bbox 683 2005 767 2069; x_wconf 88' lang='lat' dir='ltr'>beati</span> <span class='ocrx_word' id='word_1_105' title='bbox 781 2003 934 2069; x_wconf 88' lang='lat' dir='ltr'>Johannis</span> <span class='ocrx_word' id='word_1_106' title='bbox 953 2005 1093 2089; x_wconf 84' lang='lat' dir='ltr'>baptiste</span> <span class='ocrx_word' id='word_1_107' title='bbox 1114 2005 1261 2069; x_wconf 82' lang='lat' dir='ltr'>concedis</span> <span class='ocrx_word' id='word_1_108' title='bbox 1280 2004 1431 2069; x_wconf 89' lang='lat' dir='ltr'>natalicia</span> 
     </span>
    </p>
   </div>
   <div class='ocr_carea' id='block_1_8' title="bbox 279 2108 1237 2260">
    <p class='ocr_par' dir='ltr' id='par_1_9' title="bbox 279 2108 1237 2260">
     <span class='ocr_line' id='line_1_17' title="bbox 279 2108 1237 2177; baseline -0.004 -21"><span class='ocrx_word' id='word_1_109' title='bbox 279 2111 362 2177; x_wconf 48' lang='lat' dir='ltr'>§teve</span> <span class='ocrx_word' id='word_1_110' title='bbox 389 2109 464 2158; x_wconf 81' lang='lat' dir='ltr'>&#39;brvca</span> <span class='ocrx_word' id='word_1_111' title='bbox 494 2108 531 2155; x_wconf 90' lang='lat' dir='ltr'>bis</span> <span class='ocrx_word' id='word_1_112' title='bbox 563 2109 612 2172; x_wconf 79' lang='lat' dir='ltr'>vsig</span> <span class='ocrx_word' id='word_1_113' title='bbox 643 2109 711 2171; x_wconf 79' lang='lat' dir='ltr'>giroec</span> <span class='ocrx_word' id='word_1_114' title='bbox 760 2111 875 2171; x_wconf 69' lang='lat' dir='ltr'>coming?</span> <span class='ocrx_word' id='word_1_115' title='bbox 893 2109 1154 2171; x_wconf 61' lang='lat' dir='ltr'>btevesiegeholpeno</span> <span class='ocrx_word' id='word_1_116' title='bbox 1234 2147 1237 2152; x_wconf 94' lang='lat'>.</span> 
     </span>
     <span class='ocr_line' id='line_1_18' title="bbox 308 2171 1213 2260; baseline -0.002 -24"><span class='ocrx_word' id='word_1_117' title='bbox 308 2171 437 2258; x_wconf 86' lang='lat' dir='ltr'>perui,</span> <span class='ocrx_word' id='word_1_118' title='bbox 475 2171 544 2257; x_wconf 90' lang='lat' dir='ltr'>ejus</span> <span class='ocrx_word' id='word_1_119' title='bbox 559 2193 617 2238; x_wconf 91' lang='lat' dir='ltr'>nos</span> <span class='ocrx_word' id='word_1_120' title='bbox 632 2172 736 2238; x_wconf 86' lang='lat' dir='ltr'>tribue</span> <span class='ocrx_word' id='word_1_121' title='bbox 759 2173 880 2246; x_wconf 87' lang='lat' dir='ltr'>meritis</span> <span class='ocrx_word' id='word_1_122' title='bbox 945 2172 1095 2260; x_wconf 84' lang='lat' dir='ltr'>adjurari,</span> <span class='ocrx_word' id='word_1_123' title='bbox 1155 2193 1213 2256; x_wconf 88' lang='lat' dir='ltr'>per</span> 
     </span>
    </p>
   </div>
   <div class='ocr_carea' id='block_1_9' title="bbox 703 2393 1001 2452">
    <p class='ocr_par' dir='ltr' id='par_1_10' title="bbox 703 2393 1001 2452">
     <span class='ocr_line' id='line_1_19' title="bbox 703 2393 1001 2452; baseline 0 -14"><span class='ocrx_word' id='word_1_124' title='bbox 703 2395 796 2452; x_wconf 73' lang='lat' dir='ltr'>muru,</span> <span class='ocrx_word' id='word_1_125' title='bbox 820 2395 865 2440; x_wconf 86' lang='lat' dir='ltr'>ur</span> <span class='ocrx_word' id='word_1_126' title='bbox 887 2393 1001 2440; x_wconf 78' lang='lat' dir='ltr'>sorni.</span> 
     </span>
    </p>
   </div>
   <div class='ocr_carea' id='block_1_10' title="bbox 276 2531 1478 2851">
    <p class='ocr_par' dir='ltr' id='par_1_11' title="bbox 276 2531 1478 2851">
     <span class='ocr_line' id='line_1_20' title="bbox 339 2531 1478 2628; baseline -0.003 -46"><span class='ocrx_word' id='word_1_127' title='bbox 339 2566 341 2570; x_wconf 86' lang='lat'><em>.</em></span> <span class='ocrx_word' id='word_1_128' title='bbox 454 2535 499 2597; x_wconf 77' lang='lat' dir='ltr'>god</span> <span class='ocrx_word' id='word_1_129' title='bbox 543 2532 617 2582; x_wconf 69' lang='lat' dir='ltr'>briis</span> <span class='ocrx_word' id='word_1_130' title='bbox 682 2534 757 2583; x_wconf 85' lang='lat' dir='ltr'>bisiist</span> <span class='ocrx_word' id='word_1_131' title='bbox 855 2535 899 2593; x_wconf 64' lang='lat' dir='ltr'>ata</span> <span class='ocrx_word' id='word_1_132' title='bbox 948 2533 998 2596; x_wconf 80' lang='lat' dir='ltr'>vsig</span> <span class='ocrx_word' id='word_1_133' title='bbox 1062 2533 1165 2596; x_wconf 83' lang='lat' dir='ltr'>cghvona</span> <span class='ocrx_word' id='word_1_134' title='bbox 1229 2531 1276 2594; x_wconf 78' lang='lat' dir='ltr'>yflu</span> <span class='ocrx_word' id='word_1_135' title='bbox 1350 2549 1396 2580; x_wconf 83' lang='lat' dir='ltr'>vsa</span> <span class='ocrx_word' id='word_1_136' title='bbox 1477 2537 1478 2628; x_wconf 90' lang='grc'><strong>(</strong></span> 
     </span>
     <span class='ocr_line' id='line_1_21' title="bbox 323 2595 1478 2688; baseline 0 -28"><span class='ocrx_word' id='word_1_137' title='bbox 323 2597 383 2682; x_wconf 89' lang='grc'><strong>(1.)</strong></span> <span class='ocrx_word' id='word_1_138' title='bbox 422 2598 522 2674; x_wconf 73' lang='lat' dir='ltr'>Deru,</span> <span class='ocrx_word' id='word_1_139' title='bbox 553 2597 608 2684; x_wconf 92' lang='lat' dir='ltr'>qui</span> <span class='ocrx_word' id='word_1_140' title='bbox 643 2596 799 2682; x_wconf 88' lang='lat' dir='ltr'>conspicis</span> <span class='ocrx_word' id='word_1_141' title='bbox 834 2596 909 2681; x_wconf 93' lang='lat' dir='ltr'>quia</span> <span class='ocrx_word' id='word_1_142' title='bbox 943 2617 1001 2660; x_wconf 89' lang='lat' dir='ltr'>nos</span> <span class='ocrx_word' id='word_1_143' title='bbox 1036 2597 1175 2682; x_wconf 91' lang='lat' dir='ltr'>undique</span> <span class='ocrx_word' id='word_1_144' title='bbox 1208 2595 1290 2659; x_wconf 87' lang='lat' dir='ltr'>mala</span> <span class='ocrx_word' id='word_1_145' title='bbox 1319 2611 1431 2660; x_wconf 89' lang='lat' dir='ltr'>nostra</span> <span class='ocrx_word' id='word_1_146' title='bbox 1477 2635 1478 2688; x_wconf 55' lang='lat' dir='ltr'>q</span> 
     </span>
     <span class='ocr_line' id='line_1_22' title="bbox 309 2691 1478 2763; baseline -0.001 -15"><span class='ocrx_word' id='word_1_147' title='bbox 309 2691 444 2763; x_wconf 71' lang='lat' dir='ltr'>girotsiaiti</span> <span class='ocrx_word' id='word_1_148' title='bbox 482 2701 542 2756; x_wconf 65' lang='lat' dir='ltr'>berb</span> <span class='ocrx_word' id='word_1_149' title='bbox 607 2700 740 2754; x_wconf 77' lang='lat' dir='ltr'>i&#39;eiorncre</span> <span class='ocrx_word' id='word_1_150' title='bbox 796 2700 915 2762; x_wconf 78' lang='lat' dir='ltr'>gifeaigai</span> <span class='ocrx_word' id='word_1_151' title='bbox 938 2700 1018 2748; x_wconf 79' lang='lat' dir='ltr'>hcarta</span> <span class='ocrx_word' id='word_1_152' title='bbox 1082 2717 1123 2748; x_wconf 81' lang='lat' dir='ltr'>vsa</span> <span class='ocrx_word' id='word_1_153' title='bbox 1196 2700 1287 2762; x_wconf 78' lang='lat' dir='ltr'>gigbrda</span> <span class='ocrx_word' id='word_1_154' title='bbox 1297 2697 1332 2748; x_wconf 65' lang='lat' dir='ltr'>bv</span> <span class='ocrx_word' id='word_1_155' title='bbox 1400 2700 1418 2747; x_wconf 70' lang='grc' dir='ltr'><strong>δ</strong></span> <span class='ocrx_word' id='word_1_156' title='bbox 1477 2745 1478 2762; x_wconf 40' lang='grc'><strong>(</strong></span> 
     </span>
     <span class='ocr_line' id='line_1_23' title="bbox 276 2761 1478 2851; baseline -0.001 -23"><span class='ocrx_word' id='word_1_157' title='bbox 276 2764 471 2840; x_wconf 80' lang='lat' dir='ltr'>contristant,</span> <span class='ocrx_word' id='word_1_158' title='bbox 487 2786 545 2851; x_wconf 90' lang='lat' dir='ltr'>per</span> <span class='ocrx_word' id='word_1_159' title='bbox 559 2767 775 2850; x_wconf 84' lang='lat' dir='ltr'>precursorem</span> <span class='ocrx_word' id='word_1_160' title='bbox 798 2763 906 2848; x_wconf 81' lang='lat' dir='ltr'>gaudii</span> <span class='ocrx_word' id='word_1_161' title='bbox 931 2763 1026 2828; x_wconf 90' lang='lat' dir='ltr'>corda</span> <span class='ocrx_word' id='word_1_162' title='bbox 1049 2773 1158 2828; x_wconf 88' lang='lat' dir='ltr'>nostra</span> <span class='ocrx_word' id='word_1_163' title='bbox 1187 2761 1332 2844; x_wconf 84' lang='lat' dir='ltr'>laetifica,</span> <span class='ocrx_word' id='word_1_164' title='bbox 1372 2786 1431 2850; x_wconf 88' lang='lat' dir='ltr'>per</span> <span class='ocrx_word' id='word_1_165' title='bbox 1477 2763 1478 2776; x_wconf 59' lang='lat'>¹</span> 
     </span>
    </p>
   </div>
   <div class='ocr_carea' id='block_1_11' title="bbox 276 2914 450 2978">
    <p class='ocr_par' dir='ltr' id='par_1_12' title="bbox 276 2914 450 2978">
     <span class='ocr_line' id='line_1_24' title="bbox 276 2914 450 2978; baseline 0 0"><span class='ocrx_word' id='word_1_166' title='bbox 276 2914 450 2978; x_wconf 91' lang='lat' dir='ltr'>Dominum</span> 
     </span>
    </p>
   </div>
   <div class='ocr_carea' id='block_1_12' title="bbox 276 3049 1432 3533">
    <p class='ocr_par' dir='ltr' id='par_1_13' title="bbox 481 3049 1432 3113">
     <span class='ocr_line' id='line_1_25' title="bbox 481 3049 1432 3113; baseline 0.003 -15"><span class='ocrx_word' id='word_1_167' title='bbox 481 3049 543 3098; x_wconf 72' lang='lat' dir='ltr'>allm&#39;</span> <span class='ocrx_word' id='word_1_168' title='bbox 721 3068 760 3100; x_wconf 90' lang='lat' dir='ltr'>ecc</span> <span class='ocrx_word' id='word_1_169' title='bbox 881 3051 926 3113; x_wconf 83' lang='lat' dir='ltr'>god</span> <span class='ocrx_word' id='word_1_170' title='bbox 978 3049 1011 3102; x_wconf 86' lang='lat' dir='ltr'>sel</span> <span class='ocrx_word' id='word_1_171' title='bbox 1070 3052 1149 3098; x_wconf 74' lang='lat' dir='ltr'>heorti</span> <span class='ocrx_word' id='word_1_172' title='bbox 1237 3053 1277 3098; x_wconf 74' lang='lat' dir='ltr'>vsi</span> <span class='ocrx_word' id='word_1_173' title='bbox 1344 3050 1432 3101; x_wconf 57' lang='lat' dir='ltr'>&amp;aileu</span> 
     </span>
    </p>

    <p class='ocr_par' dir='ltr' id='par_1_14' title="bbox 322 3113 1431 3200">
     <span class='ocr_line' id='line_1_26' title="bbox 322 3113 1431 3200; baseline 0.003 -23"><span class='ocrx_word' id='word_1_174' title='bbox 322 3114 381 3198; x_wconf 76' lang='grc'><strong>(2.)</strong></span> <span class='ocrx_word' id='word_1_175' title='bbox 407 3113 626 3198; x_wconf 89' lang='lat' dir='ltr'>Omnipotens,</span> <span class='ocrx_word' id='word_1_176' title='bbox 644 3115 834 3200; x_wconf 88' lang='lat' dir='ltr'>sempiterne</span> <span class='ocrx_word' id='word_1_177' title='bbox 849 3114 950 3190; x_wconf 85' lang='lat' dir='ltr'>Deus,</span> <span class='ocrx_word' id='word_1_178' title='bbox 974 3114 1014 3181; x_wconf 88' lang='lat' dir='ltr'>da</span> <span class='ocrx_word' id='word_1_179' title='bbox 1036 3114 1182 3179; x_wconf 88' lang='lat' dir='ltr'>cordibus</span> <span class='ocrx_word' id='word_1_180' title='bbox 1202 3113 1318 3179; x_wconf 89' lang='lat' dir='ltr'>nostris</span> <span class='ocrx_word' id='word_1_181' title='bbox 1339 3114 1431 3180; x_wconf 85' lang='lat' dir='ltr'>illam</span> 
     </span>
    </p>

    <p class='ocr_par' dir='ltr' id='par_1_15' title="bbox 308 3215 1431 3280">
     <span class='ocr_line' id='line_1_27' title="bbox 308 3215 1431 3280; baseline 0.003 -16"><span class='ocrx_word' id='word_1_182' title='bbox 308 3215 378 3268; x_wconf 64' lang='lat' dir='ltr'>bima</span> <span class='ocrx_word' id='word_1_183' title='bbox 465 3217 586 3280; x_wconf 82' lang='lat' dir='ltr'>girihtnise</span> <span class='ocrx_word' id='word_1_184' title='bbox 721 3235 760 3266; x_wconf 88' lang='lat' dir='ltr'>ccc</span> <span class='ocrx_word' id='word_1_185' title='bbox 897 3220 917 3278; x_wconf 60' lang='lat' dir='ltr'>b</span> <span class='ocrx_word' id='word_1_186' title='bbox 967 3219 1049 3280; x_wconf 82' lang='lat' dir='ltr'>eadges</span> <span class='ocrx_word' id='word_1_187' title='bbox 1131 3215 1181 3266; x_wconf 86' lang='lat' dir='ltr'>iob&#39;</span> <span class='ocrx_word' id='word_1_188' title='bbox 1265 3217 1364 3266; x_wconf 77' lang='lat' dir='ltr'>baecere&#39;</span> <span class='ocrx_word' id='word_1_189' title='bbox 1401 3237 1431 3267; x_wconf 90' lang='lat' dir='ltr'>on</span> 
     </span>
    </p>

    <p class='ocr_par' dir='ltr' id='par_1_16' title="bbox 276 3280 1432 3533">
     <span class='ocr_line' id='line_1_28' title="bbox 276 3280 1432 3370; baseline 0.002 -26"><span class='ocrx_word' id='word_1_190' title='bbox 276 3289 402 3344; x_wconf 86' lang='lat' dir='ltr'>tuarum</span> <span class='ocrx_word' id='word_1_191' title='bbox 417 3280 638 3345; x_wconf 89' lang='lat' dir='ltr'>rectitudinem</span> <span class='ocrx_word' id='word_1_192' title='bbox 653 3282 844 3357; x_wconf 74' lang='lat' dir='ltr'>semitarum,</span> <span class='ocrx_word' id='word_1_193' title='bbox 861 3303 956 3368; x_wconf 89' lang='lat' dir='ltr'>quam</span> <span class='ocrx_word' id='word_1_194' title='bbox 970 3280 1054 3346; x_wconf 93' lang='lat' dir='ltr'>beati</span> <span class='ocrx_word' id='word_1_195' title='bbox 1071 3280 1226 3346; x_wconf 90' lang='lat' dir='ltr'>Johanuis</span> <span class='ocrx_word' id='word_1_196' title='bbox 1239 3281 1381 3370; x_wconf 84' lang='lat' dir='ltr'>baptiste</span> <span class='ocrx_word' id='word_1_197' title='bbox 1398 3284 1432 3346; x_wconf 91' lang='lat' dir='ltr'>in</span> 
     </span>
     <span class='ocr_line' id='line_1_29' title="bbox 277 3382 862 3448; baseline 0.003 -18"><span class='ocrx_word' id='word_1_198' title='bbox 277 3391 398 3446; x_wconf 77' lang='lat' dir='ltr'>pocstcrrre</span> <span class='ocrx_word' id='word_1_199' title='bbox 423 3383 478 3431; x_wconf 85' lang='lat' dir='ltr'>steft</span> <span class='ocrx_word' id='word_1_200' title='bbox 504 3384 649 3446; x_wconf 85' lang='lat' dir='ltr'>ciioppendes</span> <span class='ocrx_word' id='word_1_201' title='bbox 696 3386 790 3448; x_wconf 79' lang='lat' dir='ltr'>gilaerde</span> <span class='ocrx_word' id='word_1_202' title='bbox 845 3382 862 3432; x_wconf 68' lang='grc'>5</span> 
     </span>
     <span class='ocr_line' id='line_1_30' title="bbox 276 3446 881 3533; baseline 0.003 -24"><span class='ocrx_word' id='word_1_203' title='bbox 276 3446 402 3510; x_wconf 87' lang='lat' dir='ltr'>deserto</span> <span class='ocrx_word' id='word_1_204' title='bbox 416 3467 478 3510; x_wconf 83' lang='lat' dir='ltr'>vox</span> <span class='ocrx_word' id='word_1_205' title='bbox 493 3447 656 3514; x_wconf 89' lang='lat' dir='ltr'>clamantis</span> <span class='ocrx_word' id='word_1_206' title='bbox 671 3449 807 3525; x_wconf 84' lang='lat' dir='ltr'>edocuit,</span> <span class='ocrx_word' id='word_1_207' title='bbox 823 3469 881 3533; x_wconf 88' lang='lat' dir='ltr'>per</span> 
     </span>
    </p>
   </div>
   <div class='ocr_carea' id='block_1_13' title="bbox 276 3560 1438 4408">
    <p class='ocr_par' dir='ltr' id='par_1_17' title="bbox 276 3560 1438 4408">
     <span class='ocr_line' id='line_1_31' title="bbox 487 3560 1365 3647; baseline 0.006 -16"><span class='ocrx_word' id='word_1_208' title='bbox 487 3581 550 3631; x_wconf 85' lang='lat' dir='ltr'>alim’</span> <span class='ocrx_word' id='word_1_209' title='bbox 654 3597 671 3646; x_wconf 64' lang='grc' dir='ltr'>Ἰ</span> <span class='ocrx_word' id='word_1_210' title='bbox 720 3583 850 3630; x_wconf 80' lang='lat' dir='ltr'>miltbcarta</span> <span class='ocrx_word' id='word_1_211' title='bbox 914 3560 962 3645; x_wconf 82' lang='lat' dir='ltr'>god</span> <span class='ocrx_word' id='word_1_212' title='bbox 1002 3582 1078 3633; x_wconf 65' lang='lat' dir='ltr'>brba</span> <span class='ocrx_word' id='word_1_213' title='bbox 1094 3583 1224 3647; x_wconf 64' lang='lat' dir='ltr'>boncadgc</span> <span class='ocrx_word' id='word_1_214' title='bbox 1304 3587 1365 3636; x_wconf 85' lang='lat' dir='ltr'>Joh&#39;</span> 
     </span>
     <span class='ocr_line' id='line_1_32' title="bbox 280 3645 1436 3732; baseline 0.006 -23"><span class='ocrx_word' id='word_1_215' title='bbox 280 3651 284 3660; x_wconf 83' lang='lat'><em>&#39;</em></span> <span class='ocrx_word' id='word_1_216' title='bbox 322 3647 381 3729; x_wconf 83' lang='lat'><strong>(3.)</strong></span> <span class='ocrx_word' id='word_1_217' title='bbox 407 3646 618 3731; x_wconf 90' lang='lat' dir='ltr'>Omnipotens</span> <span class='ocrx_word' id='word_1_218' title='bbox 642 3654 676 3709; x_wconf 90' lang='lat' dir='ltr'>et</span> <span class='ocrx_word' id='word_1_219' title='bbox 694 3645 870 3710; x_wconf 89' lang='lat' dir='ltr'>misericors</span> <span class='ocrx_word' id='word_1_220' title='bbox 886 3647 985 3723; x_wconf 88' lang='lat' dir='ltr'>Deus,</span> <span class='ocrx_word' id='word_1_221' title='bbox 1014 3647 1070 3732; x_wconf 93' lang='lat' dir='ltr'>qui</span> <span class='ocrx_word' id='word_1_222' title='bbox 1093 3649 1221 3712; x_wconf 90' lang='lat' dir='ltr'>beatum</span> <span class='ocrx_word' id='word_1_223' title='bbox 1249 3649 1436 3716; x_wconf 77' lang='lat' dir='ltr'>iohannem</span> 
     </span>
     <span class='ocr_line' id='line_1_33' title="bbox 319 3747 1385 3812; baseline 0.005 -15"><span class='ocrx_word' id='word_1_224' title='bbox 319 3751 405 3798; x_wconf 80' lang='lat' dir='ltr'>becere</span> <span class='ocrx_word' id='word_1_225' title='bbox 476 3749 544 3798; x_wconf 66' lang='lat' dir='ltr'>bimo</span> <span class='ocrx_word' id='word_1_226' title='bbox 600 3747 753 3811; x_wconf 72' lang='lat' dir='ltr'>fesccavnge</span> <span class='ocrx_word' id='word_1_227' title='bbox 820 3749 979 3812; x_wconf 81' lang='lat' dir='ltr'>gisvndradest</span> <span class='ocrx_word' id='word_1_228' title='bbox 1022 3752 1066 3810; x_wconf 59' lang='lat' dir='ltr'>pta</span> <span class='ocrx_word' id='word_1_229' title='bbox 1137 3752 1223 3800; x_wconf 78' lang='lat' dir='ltr'>visfaest</span> <span class='ocrx_word' id='word_1_230' title='bbox 1337 3755 1385 3808; x_wconf 84' lang='lat' dir='ltr'>felc</span> 
     </span>
     <span class='ocr_line' id='line_1_34' title="bbox 276 3811 1435 3901; baseline 0.004 -24"><span class='ocrx_word' id='word_1_231' title='bbox 276 3813 446 3898; x_wconf 86' lang='lat' dir='ltr'>baptistam</span> <span class='ocrx_word' id='word_1_232' title='bbox 484 3823 541 3878; x_wconf 84' lang='lat' dir='ltr'>tua</span> <span class='ocrx_word' id='word_1_233' title='bbox 578 3811 787 3898; x_wconf 87' lang='lat' dir='ltr'>providentia·</span> <span class='ocrx_word' id='word_1_234' title='bbox 811 3813 985 3890; x_wconf 87' lang='lat' dir='ltr'>destinasti,</span> <span class='ocrx_word' id='word_1_235' title='bbox 1024 3823 1060 3878; x_wconf 89' lang='lat' dir='ltr'>ut</span> <span class='ocrx_word' id='word_1_236' title='bbox 1096 3815 1266 3899; x_wconf 85' lang='lat' dir='ltr'>perfectam</span> <span class='ocrx_word' id='word_1_237' title='bbox 1301 3816 1435 3901; x_wconf 89' lang='lat' dir='ltr'>plebem</span> 
     </span>
     <span class='ocr_line' id='line_1_35' title="bbox 310 3901 1437 3994; baseline 0.006 -30"><span class='ocrx_word' id='word_1_238' title='bbox 310 3917 378 3966; x_wconf 72' lang='lat' dir='ltr'>crue</span> <span class='ocrx_word' id='word_1_239' title='bbox 457 3914 529 3964; x_wconf 71' lang='lat' dir='ltr'>unic</span> <span class='ocrx_word' id='word_1_240' title='bbox 601 3901 755 3978; x_wconf 60' lang='lat' dir='ltr'>s&#39;egear&#39;vade</span> <span class='ocrx_word' id='word_1_241' title='bbox 809 3917 842 3964; x_wconf 68' lang='lat' dir='ltr'>aa</span> <span class='ocrx_word' id='word_1_242' title='bbox 907 3915 996 3965; x_wconf 71' lang='lat' dir='ltr'>vebia*</span> <span class='ocrx_word' id='word_1_243' title='bbox 1071 3920 1116 3977; x_wconf 71' lang='lat' dir='ltr'>ae</span> <span class='ocrx_word' id='word_1_244' title='bbox 1165 3917 1218 3994; x_wconf 66' lang='lat' dir='ltr'>ingo</span> <span class='ocrx_word' id='word_1_245' title='bbox 1275 3917 1319 3966; x_wconf 76' lang='lat' dir='ltr'>nn</span> <span class='ocrx_word' id='word_1_246' title='bbox 1357 3921 1437 3974; x_wconf 61' lang='lat' dir='ltr'>aissa</span> 
     </span>
     <span class='ocr_line' id='line_1_36' title="bbox 278 3979 1438 4070; baseline 0.004 -25"><span class='ocrx_word' id='word_1_247' title='bbox 278 3979 406 4045; x_wconf 89' lang='lat' dir='ltr'>Christo</span> <span class='ocrx_word' id='word_1_248' title='bbox 422 3979 560 4043; x_wconf 91' lang='lat' dir='ltr'>Domino</span> <span class='ocrx_word' id='word_1_249' title='bbox 582 3988 775 4064; x_wconf 84' lang='lat' dir='ltr'>prepararet,</span> <span class='ocrx_word' id='word_1_250' title='bbox 799 3980 848 4058; x_wconf 76' lang='lat' dir='ltr'>da,</span> <span class='ocrx_word' id='word_1_251' title='bbox 865 4001 1046 4065; x_wconf 89' lang='lat' dir='ltr'>quesumus,</span> <span class='ocrx_word' id='word_1_252' title='bbox 1071 3990 1107 4044; x_wconf 93' lang='lat' dir='ltr'>ut</span> <span class='ocrx_word' id='word_1_253' title='bbox 1128 3981 1248 4045; x_wconf 85' lang='lat' dir='ltr'>famrlia</span> <span class='ocrx_word' id='word_1_254' title='bbox 1262 3991 1318 4046; x_wconf 92' lang='lat' dir='ltr'>tua</span> <span class='ocrx_word' id='word_1_255' title='bbox 1333 3983 1438 4070; x_wconf 89' lang='lat' dir='ltr'>hujus</span> 
     </span>
     <span class='ocr_line' id='line_1_37' title="bbox 326 4082 1428 4152; baseline 0.006 -22"><span class='ocrx_word' id='word_1_256' title='bbox 326 4082 444 4146; x_wconf 66' lang='lat' dir='ltr'>bingvnge</span> <span class='ocrx_word' id='word_1_257' title='bbox 547 4083 672 4136; x_wconf 70' lang='lat' dir='ltr'>mercensi</span> <span class='ocrx_word' id='word_1_258' title='bbox 715 4084 810 4146; x_wconf 74' lang='lat' dir='ltr'>*Jfrom</span> <span class='ocrx_word' id='word_1_259' title='bbox 839 4086 924 4147; x_wconf 68' lang='lat' dir='ltr'>syrmi</span> <span class='ocrx_word' id='word_1_260' title='bbox 1028 4085 1073 4132; x_wconf 68' lang='lat' dir='ltr'>all?</span> <span class='ocrx_word' id='word_1_261' title='bbox 1149 4085 1295 4134; x_wconf 79' lang='lat' dir='ltr'>siebireafad</span> <span class='ocrx_word' id='word_1_262' title='bbox 1338 4103 1358 4152; x_wconf 63' lang='grc' dir='ltr'>Ἰ</span> <span class='ocrx_word' id='word_1_263' title='bbox 1402 4099 1428 4138; x_wconf 81' lang='lat' dir='ltr'>to</span> 
     </span>
     <span class='ocr_line' id='line_1_38' title="bbox 277 4145 1438 4234; baseline 0.008 -24"><span class='ocrx_word' id='word_1_264' title='bbox 277 4145 501 4210; x_wconf 87' lang='lat' dir='ltr'>intercessione</span> <span class='ocrx_word' id='word_1_265' title='bbox 530 4146 675 4231; x_wconf 89' lang='lat' dir='ltr'>preconis</span> <span class='ocrx_word' id='word_1_266' title='bbox 705 4156 738 4211; x_wconf 90' lang='lat' dir='ltr'>et</span> <span class='ocrx_word' id='word_1_267' title='bbox 767 4169 786 4211; x_wconf 91' lang='lat' dir='ltr'>a</span> <span class='ocrx_word' id='word_1_268' title='bbox 814 4146 952 4234; x_wconf 88' lang='lat' dir='ltr'>peccatis</span> <span class='ocrx_word' id='word_1_269' title='bbox 982 4147 1128 4212; x_wconf 88' lang='lat' dir='ltr'>omnibus</span> <span class='ocrx_word' id='word_1_270' title='bbox 1154 4157 1298 4232; x_wconf 78' lang='lat' dir='ltr'>exuatur,</span> <span class='ocrx_word' id='word_1_271' title='bbox 1327 4163 1366 4218; x_wconf 90' lang='lat' dir='ltr'>et</span> <span class='ocrx_word' id='word_1_272' title='bbox 1398 4154 1438 4219; x_wconf 91' lang='lat' dir='ltr'>ad</span> 
     </span>
     <span class='ocr_line' id='line_1_39' title="bbox 276 4247 1020 4314; baseline 0.008 -18"><span class='ocrx_word' id='word_1_273' title='bbox 276 4248 340 4299; x_wconf 64' lang='lat' dir='ltr'>bem</span> <span class='ocrx_word' id='word_1_274' title='bbox 382 4247 445 4298; x_wconf 69' lang='lat' dir='ltr'>itone</span> <span class='ocrx_word' id='word_1_275' title='bbox 516 4249 631 4312; x_wconf 80' lang='lat' dir='ltr'>givitgude</span> <span class='ocrx_word' id='word_1_276' title='bbox 726 4251 816 4314; x_wconf 83' lang='lat' dir='ltr'>gicyrne</span> <span class='ocrx_word' id='word_1_277' title='bbox 880 4251 1020 4313; x_wconf 71' lang='lat' dir='ltr'>vegiearnia</span> 
     </span>
     <span class='ocr_line' id='line_1_40' title="bbox 276 4312 1221 4408; baseline 0.002 -32"><span class='ocrx_word' id='word_1_278' title='bbox 276 4333 350 4376; x_wconf 91' lang='lat' dir='ltr'>cum</span> <span class='ocrx_word' id='word_1_279' title='bbox 365 4333 459 4404; x_wconf 91' lang='lat' dir='ltr'>quem</span> <span class='ocrx_word' id='word_1_280' title='bbox 474 4312 674 4404; x_wconf 86' lang='lat' dir='ltr'>prophetavit</span> <span class='ocrx_word' id='word_1_281' title='bbox 688 4313 851 4402; x_wconf 88' lang='lat' dir='ltr'>pervenire</span> <span class='ocrx_word' id='word_1_282' title='bbox 866 4323 1033 4394; x_wconf 87' lang='lat' dir='ltr'>mereatur,</span> <span class='ocrx_word' id='word_1_283' title='bbox 1049 4336 1107 4408; x_wconf 87' lang='lat' dir='ltr'>por</span> <span class='ocrx_word' id='word_1_284' title='bbox 1126 4337 1221 4404; x_wconf 83' lang='lat' dir='ltr'>quem</span> 
     </span>
    </p>
   </div>
   <div class='ocr_carea' id='block_1_14' title="bbox 0 0 1498 5074">
    <p class='ocr_par' dir='ltr' id='par_1_18' title="bbox 0 0 1498 5074">
     <span class='ocr_line' id='line_1_41' title="bbox 0 0 1498 5074; baseline 0 0"><span class='ocrx_word' id='word_1_285' title='bbox 0 0 1498 5074; x_wconf 95' lang='lat' dir='ltr'> </span> 
     </span>
    </p>
   </div>
  </div>
 </body>
</html>
