2986 5074
261 484 302 544 28
644 505 883 552 auem-saxos
906 506 1040 553 arrum.

455 649 514 698 leafa
615 650 657 699 mle
723 653 744 711 ᾖ
808 651 889 699 aoenn’
929 652 950 699 is
976 651 1013 698 fro
1028 650 1087 712 gode
1102 645 1207 696 Paride&
1242 646 1360 708 middaug'
1404 660 1422 708 Ἰ

306 712 387 796 (22.)
402 711 573 790 Carissimi,
584 735 677 777 omne
686 713 772 798 quod
783 727 893 778 uatum
902 723 952 778 est
963 735 1004 778 ex
1015 713 1087 777 Deo
1101 710 1200 776 vineit
1213 709 1376 785 mundum,
1387 719 1423 772 et

267 811 321 862 dios
353 815 374 862 is
429 815 517 879 agisig
565 815 606 864 tio
634 815 744 864 Paride&
785 816 903 878 middaug'
937 815 1019 879 gileafa
1061 831 1114 864 rara
1169 814 1248 863 hvoele
1264 814 1285 861 is
1336 815 1388 876 put*
1472 843 1473 864 r

261 874 331 940 haee
346 886 394 942 est
409 877 539 944 victoria
554 900 627 964 quae
642 878 740 942 vineit
759 879 923 956 mundum,
939 879 1017 944 fides
1032 887 1155 954 uostra3
1172 877 1244 962 quis
1253 885 1302 942 est
1312 885 1424 940 autem

261 977 328 1028 sote
344 980 439 1029 of’sriit'
470 983 587 1046 middaug'
618 981 690 1030 butan
706 980 776 1030 dede
792 981 871 1044 gilefea
950 983 995 1042 {Sta
1091 981 1146 1028 hrel'
1176 980 1197 1028 is
1229 980 1300 1028 baaru
1377 994 1402 1025 as

273 1043 328 1130 qui
343 1043 441 1112 vincit
454 1045 609 1110 mundum
623 1044 685 1108 nisi
711 1044 766 1133 qui
781 1044 882 1110 eredit
896 1043 1045 1130 quoniam
1059 1043 1154 1109 Jesus
1165 1054 1214 1107 est
1228 1041 1312 1106 filius
1361 1041 1400 1104 ei.

389 1167 531 1219 *lem
660 1169 703 1220 selo
793 1170 844 1233 gefe
934 1171 1025 1233 giooren
1107 1183 1124 1232 Ἰ
1197 1170 1239 1218 mlo
1321 1167 1386 1230 geafo

309 1232 390 1316 (23.)
423 1231 595 1310 Carissimi,
634 1254 727 1298 omne
763 1233 874 1302 datum
910 1233 1065 1318 optimum
1102 1241 1146 1304 etv
1171 1253 1264 1296 omne
1300 1231 1423 1294 donum

298 1335 402 1396 pisfmsto
483 1351 497 1383 o
587 1336 626 1384 viis
729 1335 750 1384 is
798 1336 825 1384 of
832 1336 893 1384 drue
904 1336 933 1384 sti
978 1337 1007 1384 de
1043 1336 1080 1383 fro
1131 1335 1202 1383 foeder
1298 1333 1363 1382 lehta

262 1397 440 1482 perfeetum
476 1397 515 1462 de
553 1419 679 1464 sursum
715 1406 773 1474 est,
810 1352 1005 1464 descendiis
1042 1398 1082 1462 de
1122 1408 1213 1484 patre
1253 1397 1425 1474 luminum,

262 1499 478 1550 sarmatani
524 1517 554 1550 ue
597 1502 618 1551 is
651 1501 874 1563 of'ymbpoendniae
898 1517 928 1549 ue
979 1500 1169 1576 aethvoerflvnges
1225 1501 1371 1563 f’aaoynurm

277 1563 367 1648 apud
397 1585 491 1649 quem
509 1585 575 1630 non
589 1572 639 1628 est
653 1563 948 1632 transmutationes
962 1563 1188 1630 vicissitudrnis
1202 1561 1400 1628 obumbratio
1414 1588 1424 1640 ;

263 1664 438 1729 lvstvmiieaff)
461 1666 556 1730 gioeude
588 1667 639 1729 vsig
671 1667 742 1730 porde
791 1663 887 1714 aodfaest
928 1667 972 1727 {tte
999 1666 1072 1714 resia
1136 1666 1203 1713 frvm'
1239 1663 1424 1728 hroelehvoegv

262 1729 438 1796 voluntarie
453 1728 565 1814 genuit
585 1751 644 1793 nos
658 1730 755 1794 verbo
769 1728 920 1807 veritatis,
933 1737 971 1794 ut
990 1728 1089 1793 simus
1111 1727 1237 1794 initium
1268 1727 1399 1814 aliquod

278 1833 403 1894 gesoeaftes
456 1833 494 1882 his
1325 1825 1328 1828 ¹

267 1905 421 1964 creaturae
443 1896 522 1980 ejus.

409 2026 483 2090 puta&
495 2029 532 2092 gie
575 2029 634 2078 broii
673 2031 753 2078 minuo
779 1996 998 2080 leofaiiialeofesta
1022 2031 1055 2086 sie
1104 2034 1155 2094 put*
1229 2030 1278 2078 aeia
1333 2046 1407 2079 monn

309 2089 390 2173 (24.)
417 2091 522 2168 Scitis,
546 2092 658 2157 fratres
680 2093 744 2158 mei
779 2093 984 2170 dilectissimi,
1019 2093 1061 2158 sit
1078 2102 1186 2172 autem
1206 2093 1428 2158 omnishomo

278 2191 344 2238 hraed
391 2199 416 2240 to
497 2181 608 2256 gihsianu
710 2195 767 2244 hlaer
849 2199 901 2258 put'
964 2203 989 2244 to
1054 2209 1189 2258 spreeeatme
1254 2211 1271 2259 Ἰ
1336 2196 1389 2244 laett

263 2253 356 2318 velox
385 2255 425 2318 ad
454 2257 656 2334 audiendum,
687 2259 796 2322 tardus
825 2269 932 2324 autem
961 2258 1002 2322 ad
1027 2258 1221 2344 loquendum
1249 2267 1282 2323 et
1311 2259 1429 2338 tardus

272 2365 297 2406 to
339 2359 398 2408 iorre
441 2360 502 2410 iorra
527 2359 597 2408 f'don
623 2376 690 2424 peres
728 2359 836 2409 sodf'mst
924 2376 949 2408 es
975 2375 1005 2408 ue
1069 2359 1182 2424 gipyreaii

265 2422 306 2488 ad
327 2421 426 2502 iram3
447 2422 495 2488 ira
517 2423 601 2488 enim
623 2423 683 2487 viri
701 2423 858 2508 justitiam
915 2422 945 2486 ei
966 2444 1030 2486 nou
1053 2433 1210 2509 operatur.

459 2558 511 2608 bro*
605 2553 678 2608 allo'
726 2559 763 2622 gie
795 2560 879 2608 bearno
895 2558 970 2607 lehtes
996 2559 1084 2635 arogis
1112 2559 1236 2622 jbearno
1297 2549 1323 2608 es
1376 2578 1409 2610 ue

309 2623 391 2707 (25.)
416 2621 553 2698 Fratres,
581 2643 690 2687 omnes
719 2644 775 2686 vos
804 2621 862 2686 filii
890 2621 971 2686 lueis
998 2630 1074 2687 estrs
1103 2631 1137 2686 et
1165 2622 1223 2686 filii
1286 2623 1325 2701 ei,
1356 2643 1431 2689 non

274 2725 359 2773 sindon
406 2725 497 2773 nahtes
539 2739 613 2774 nsaeo
709 2723 799 2773 mostra
861 2747 863 2752 ¹
921 2723 992 2772 Ρδοῐι
1046 2741 1077 2773 ue
1158 2725 1221 2787 slepa
1230 2741 1259 2773 rs
1334 2728 1431 2776 svoeloe

265 2809 376 2852 sumus
401 2787 504 2852 noetis
529 2809 634 2873 neque
660 2789 879 2864 tenebrarum
913 2786 1012 2872 igitur
1037 2809 1102 2852 nou
1123 2787 1314 2854 dormiamus
1340 2789 1432 2855 siout

264 2907 299 2940 me
351 2888 409 2938 nitro
468 2891 498 2938 ah
562 2890 691 2966 gipoeoare
740 2889 901 2965 '1bihogodo
928 2890 1001 2938 resia
1039 2876 1041 2882 ’

267 2964 301 3020 et
326 2952 433 3030 ceteri,
460 2953 517 3018 sed
543 2953 709 3038 vrgilemus
734 2961 768 3017 et
796 2952 893 3017 sobril
919 2951 1026 3017 simus.

460 3081 510 3129 bro'
606 3094 635 3130 re
674 3077 745 3128 sate
767 3079 843 3140 dages
875 3093 972 3128 remon
1010 3080 1123 3143 bihogodo
1166 3081 1240 3129 vasio
1299 3081 1432 3144 gigearpad

309 3145 393 3229 (26.)
417 3143 554 3219 Fratres,
591 3163 650 3206 nos
683 3141 739 3226 qui
774 3140 838 3205 diei
874 3163 983 3207 sumus
1019 3142 1115 3207 sobrii
1152 3143 1260 3222 simus,
1303 3144 1417 3210 induti

266 3247 333 3295 belnae
346 3249 420 3309 byrna
448 3246 541 3309 gileafes
564 3261 580 3309 Ἰ
613 3243 759 3294 ΙποῦεΓῙνΓν
802 3259 819 3308 Ἰ

293 3309 395 3380 lorica
451 3309 526 3372 fidei
552 3318 586 3373 st
614 3307 762 3385 caritatis,
793 3317 826 3373 et
854 3307 946 3393 galea
968 3307 1088 3373 salutis.

460 3433 520 3484 bro&
616 3450 648 3486 ue
722 3435 790 3498 gisaet
855 3435 905 3498 vsig
968 3435 1014 3497 god
1085 3435 1111 3484 in
1169 3436 1230 3485 iona
1301 3436 1333 3486 ah
1403 3437 1433 3485 in

312 3500 394 3583 (27.)
429 3499 565 3574 Fratres,
602 3519 667 3560 non
706 3497 814 3583 posuit
849 3519 907 3562 uos
944 3498 1036 3564 Deus
1076 3498 1112 3563 iu
1156 3498 1245 3576 iram,
1292 3499 1350 3564 sed
1394 3500 1433 3564 in

321 3601 452 3650 tosocnis'i
550 3599 605 3646 hal’
659 3599 719 3648 terh
768 3600 823 3648 hael'
930 3600 984 3648 erist
1114 3601 1185 3648 driht'
1314 3604 1378 3652 vser'

266 3663 510 3749 adquisitionem
531 3662 643 3728 salutis
665 3685 722 3748 per
743 3663 852 3728 Jesum
880 3662 1044 3729 Christum
1069 3663 1243 3727 Dominum
1268 3674 1433 3742 nostrum,

267 3767 330 3816 seiie
390 3769 449 3815 dead
513 3766 534 3814 is
577 3767 611 3814 f’e
659 3767 710 3827 vsig
749 3767 793 3825 ’fite
810 3782 850 3814 sva
859 3765 963 3814 hvoesser
990 3783 1020 3843 pe
1048 3783 1109 3815 oaeea
1167 3768 1179 3814 i
1260 3769 1365 3831 peslepa

267 3831 323 3916 qui
344 3840 488 3896 mortuus
503 3838 552 3894 est
566 3851 624 3915 pro
638 3827 739 3904 nobis,
756 3837 793 3892 ut
851 3828 917 3893 sive
969 3782 1136 3914 vrgiiemus
1151 3830 1217 3896 sive
1231 3830 1435 3896 dormiamus

282 3935 335 4011 gilio
394 3932 444 3982 mia
471 3931 534 3980 daem
583 3931 670 3980 velifia

265 3997 362 4072 srmul
384 4017 456 4060 oum
477 3995 533 4058 illo
555 3993 705 4060 vivamus.

458 4121 510 4170 bro'
595 4117 718 4180 gidoafiao
729 4118 766 4181 gie
841 4119 930 4169 bitvieu
995 4136 1013 4184 Ἰ
1061 4117 1186 4184 gitimbrat
1248 4121 1401 4172 onbahalfa

311 4186 394 4276 (28.)
420 4184 556 4258 Fratres
580 4180 785 4246 consolamini
818 4182 962 4261 invicem,
986 4194 1018 4250 et
1045 4184 1201 4250 aedifioate
1222 4184 1437 4252 alterutrum

273 4287 298 4337 in
354 4287 421 4335 cristo
486 4283 541 4332 hael'
608 4283 680 4330 driht'
767 4286 807 4331 vsi

266 4351 300 4414 in
323 4348 452 4416 Christo
472 4347 552 4412 Jesu
573 4345 712 4410 Domino
734 4356 850 4412 nostro.
