2986 5074
476 518 710 564 luero-snxou
734 521 867 565 smum.
1195 509 1235 574 37

268 674 374 723 menso
473 674 499 720 or
544 673 676 749 loegum
735 689 802 750 vnvm·
887 641 982 751 muse
1063 679 1114 740 ges
1162 679 1238 730 snm

127 737 188 820 (8.)
214 737 434 822 Exsurgentes
460 735 500 800 de
525 736 683 801 eubilibus
705 746 830 814 nostrls,
855 738 1010 801 auxilium
1035 741 1148 825 gratiae
1171 753 1236 809 tuae

76 841 244 902 morgenlienm
486 839 584 888 bsadrm
664 839 805 902 gihremeve
856 841 900 901 ’dte
932 857 1084 892 aseaeeoenrm
1116 844 1230 897 diostrrm

77 903 258 981 matutinis,
285 903 434 980 Domine,
456 902 603 987 precibus
625 902 839 988 imploramus,
864 914 910 981 ut,
933 905 1083 972 discussis
1099 912 1238 978 tenebris

113 1007 213 1068 synnai
280 1007 364 1069 gionga
438 1005 591 1068 regiesrniga
622 1005 647 1052 in
679 1005 729 1054 leht
793 1021 883 1068 megua

75 1068 239 1149 vitiorum,
252 1070 415 1136 ambulare
429 1090 608 1134 mereamur
621 1067 655 1132 in
669 1067 741 1133 luce
755 1067 918 1148 virtutum,
934 1092 992 1158 per

212 1221 256 1271 beo
315 1222 365 1270 leht
431 1221 473 1270 soli
533 1221 651 1286 -Jlehes
683 1221 841 1285 lrrmwyrhts
917 1223 989 1271 driht'
1084 1225 1173 1275 vebid'

127 1285 187 1370 (4.)
212 1285 263 1351 Te
284 1284 389 1350 lucem
403 1306 509 1350 veram
524 1294 558 1349 et
571 1285 652 1349 lueis
674 1294 844 1362 auctorem,
867 1285 1015 1362 Domine,
1031 1286 1238 1374 deprecamur

76 1388 128 1447 -bte
144 1386 334 1450 &vgimeodomio
349 1389 408 1436 from
447 1404 473 1436 vs
549 1386 639 1435 biostm
728 1389 796 1436 alima
852 1389 1046 1453 woerdendm7
1099 1393 1227 1454 'gibrehtan

87 1459 128 1514 ut
176 1450 316 1535 digneris
364 1451 501 1516 anobis
517 1451 663 1516 tenebras
679 1450 838 1536 depellere
849 1451 1008 1530 vitiorum,
1021 1462 1083 1519 eto
1132 1456 1237 1522 'care

78 1553 134 1615 vsig
161 1551 224 1601 lehte
289 1569 379 1617 maegna

78 1637 142 1680 nos
157 1615 230 1681 luce
245 1616 408 1694 virtutum,
424 1639 482 1702 per

259 1752 343 1800 inlihta
450 1751 521 1800 driht'
628 1751 716 1800 vebid’
797 1769 827 1800 on
851 1751 896 1802 beo
930 1753 1010 1802 hema
1073 1754 1200 1814 gilefendra

131 1816 192 1899 (5.)
217 1814 385 1891 Inlumina,
409 1814 559 1892 Domine,
587 1835 769 1900 quesumus,
796 1815 829 1880 iu
859 1825 891 1881 te
922 1817 1016 1881 eorda
1031 1817 1236 1896 credentium,

79 1920 129 1978 'fite
145 1917 229 1966 sinvm
277 1919 351 1980 symle
399 1918 552 1980 gilaestnrnge
587 1917 708 1981 *joinvm
739 1919 834 1967 fvltrme
883 1919 1076 1983 vesiegiseildad

89 1991 131 2044 ut
161 1989 218 2045 tuo
252 2003 378 2067 semper
391 1980 565 2046 munimine
580 1989 614 2046 et
642 1991 699 2045 tuo
728 1981 848 2046 auxilio
873 1992 1084 2070 protegamur,
1112 2005 1170 2069 per

245 2116 353 2178 giinlihta
450 2115 545 2164 wsbid'
643 2115 715 2162 driht'
812 2115 902 2164 diostro
975 2133 1028 2165 vssa
1093 2133 1110 2181 7
1158 2120 1216 2169 alles

128 2179 188 2263 (6.)
213 2178 383 2255 lulumina,
401 2199 584 2264 quesumus,
600 2177 748 2254 Domine,
773 2181 920 2245 tenebras
936 2190 1121 2258 nostramet
1140 2183 1238 2250 totius

76 2282 171 2330 naehtes
227 2283 300 2344 giseto
344 2280 379 2329 br
399 2282 513 2329 estf'drii
557 2281 657 2330 mildelio
735 2281 753 2329 a

79 2344 186 2410 noetis
201 2343 330 2410 insidias
345 2354 382 2410 tu
396 2344 516 2430 repelle
531 2343 696 2430 propitius,
712 2366 770 2431 per
784 2345 961 2410 Dominum

134 2471 138 2479 Ι
227 2496 272 2545 sin
317 2497 368 2560 vsig
413 2490 521 2560 'drigh’
596 2495 661 2545 sobf'
726 2497 800 2559 symle
874 2497 982 2623 prinlihta
1039 2498 1142 2561 7from
1159 2501 1238 2550 oelerm

130 2559 190 2645 (7.)
215 2559 289 2626 Tua
313 2582 381 2636 nos,
409 2559 557 2639 Domine,
573 2559 689 2625 veritas
704 2581 829 2646 semper
843 2559 875 2624 in
890 2560 1020 2638 uminet,
1036 2569 1070 2626 et
1088 2564 1129 2627 ab
1152 2565 1238 2632 omni

80 2663 241 2813 prffioe
255 2664 412 2804 deiiidit,
427 2748 486 2812 per
500 2725 676 2791 Dominum

247 2881 317 2944 gibel
357 2883 409 2945 vsig
505 2881 576 2929 aellm'
698 2881 744 2943 god
810 2895 827 2944 Ἰ
884 2879 933 2928 leht
1013 2897 1041 2929 vs
1136 2883 1195 2945 giles

130 2945 190 3030 (8.)
230 2945 323 3010 Salva
351 2967 419 3024 nos,
443 2944 642 3030 omnipotens
671 2943 773 3020 Deus,
804 2952 837 3008 et
861 2942 965 3008 lucem
987 2945 1078 3010 uobis
1102 2947 1239 3012 concede

81 3047 282 3197 pupillam,
300 3117 377 3198 [per
386 3110 577 3190 Dominum]

260 3261 367 3311 sobf'aest
414 3259 459 3310 ltin
540 3260 644 3310 vobidd'
752 3259 823 3308 driht'
914 3259 992 3308 'uhta
1033 3260 1059 3307 in
1121 3260 1224 3310 hesrtrm

129 3326 190 3408 (9.)
237 3324 364 3390 Veritas
408 3334 472 3401 tua,
503 3344 685 3410 quesumus,
716 3322 864 3398 Domine,
895 3259 1002 3388 ldeeat
1030 3323 1064 3388 in
1094 3323 1241 3389 cordibus

118 3443 196 3476 vssrm
236 3437 257 3491 Ἰ
452 3428 547 3492 lmsrng
579 3426 755 3489 sistostrogden
787 3427 875 3474 fiondes

82 3489 212 3567 nostris,
228 3498 262 3556 et
285 3535 415 3555 ......
442 3490 562 3556 falsitas
576 3490 759 3556 destruatur
773 3488 901 3579 inimici.

287 3642 391 3692 rebidd'
487 3644 560 3692 dribt’
640 3644 685 3706 god
740 3659 822 3692 rserne
858 3642 935 3704 deges
966 3638 1097 3704 haefignisse
1151 3642 1242 3692 nubles

131 3705 215 3790 (10.)
240 3706 433 3782 Quesumus,
449 3707 588 3770 Domine
614 3707 705 3771 Deus
726 3719 843 3784 noster,
866 3704 930 3769 diei
954 3703 1116 3768 molestias
1139 3706 1241 3770 noetis

85 3807 205 3870 smyltnis'
230 3810 301 3857 ruder
311 3808 369 3856 νεεδ
405 3812 449 3870 (tte
505 3808 625 3858 nedlitsrfo
738 3810 788 3856 tido
902 3806 1087 3882 pmbhvoerfnise
1160 3810 1241 3857 ruder·

84 3871 194 3955 quiete
231 3881 384 3948 sustenta,
406 3882 453 3949 ut,
476 3871 654 3937 necessarie
675 3880 854 3956 temporum
884 3868 1100 3936 v1cissitudine
1131 3891 1241 3936 suece-

84 3975 200 4034 eymendo
232 3990 285 4022 vera
328 3975 549 4038 estsiegihriordad
588 3975 733 4038 vntrymnise

83 4037 191 4114 dente,
207 4045 315 4102 nostra
358 4037 519 4103 reficiatur
576 4036 752 4114 infirmitas,
768 4057 826 4122 per
840 4034 882 4098 D'

273 4173 339 4235 giher
388 4175 440 4236 vsig
494 4173 611 4222 miltbeart
686 4171 731 4234 god
781 4179 818 4233 γ
854 4167 952 4217 ὔοὴιιιιι
1024 4149 1090 4219 vsvrii
1160 4173 1210 4235 gefe

133 4235 216 4322 (11.)
241 4234 368 4300 Exaudi
383 4258 450 4314 uos,
467 4236 644 4302 misericors
659 4236 759 4311 Deus,
777 4243 811 4300 et
825 4232 985 4298 mentibus
1000 4233 1115 4300 nostris
1129 4235 1241 4322 gratiae

85 4338 156 4387 binre
209 4338 259 4386 leht
324 4340 425 4388 aedeawa

86 4412 153 4468 tuae
180 4401 289 4471 lumen
305 4402 445 4479 ostende,
462 4424 519 4488 per
534 4403 576 4466 D'
