3040 5074
479 521 720 595 ¹naono-sarion
744 552 877 595 arruns.
1194 539 1255 600 143

97 690 230 777 superni
252 689 392 755 muneris
415 689 593 755 rudimenta
617 689 750 767 donasti,
772 711 903 775 percos
924 691 1066 757 subsidia
1089 703 1253 779 perpetuae
1326 727 1329 730 ·

97 816 213 884 salutis
226 816 400 903 impendas,
416 837 473 902 per

560 1015 583 1076 s’
604 1033 784 1076 mansuum.
841 1059 845 1068 -

144 1167 206 1251 (1.)
233 1165 272 1229 In
300 1164 356 1228 illo
383 1173 524 1248 tempore
554 1161 635 1226 dixit
659 1163 753 1226 Jesus
783 1163 946 1249 discipulis
971 1164 1036 1228 suis
1060 1163 1254 1252 parabolam.

99 1292 178 1357 Fuit
191 1292 287 1356 homo
306 1290 434 1378 quidam
456 1311 588 1376 peregre
607 1289 826 1376 proficiscens3
851 1291 974 1355 vocavit
998 1314 1103 1356 servos
1129 1312 1202 1356 suos
1223 1301 1256 1356 et

98 1420 229 1487 tradidit
243 1417 306 1483 illis
322 1421 404 1483 bona
419 1439 485 1494 sua,
507 1425 540 1481 et
562 1416 618 1479 uni
640 1416 727 1481 dedit
748 1417 889 1514 quinque
913 1419 1042 1495 talenta,
1063 1418 1125 1484 alio
1148 1427 1255 1482 autem

97 1547 172 1623 duo,
197 1546 258 1610 alio
284 1565 359 1610 vero
385 1566 494 1620 unum,
517 1543 689 1630 unicuique
713 1543 886 1608 secundum
909 1545 1069 1630 propriam
1095 1544 1255 1620 virtutem,

97 1682 132 1738 et
159 1672 320 1758 profectus
346 1680 396 1738 est
420 1671 536 1736 statim.
582 1669 696 1736 Habiit
720 1680 826 1735 autem
853 1671 941 1757 [qui]
968 1671 1109 1758 quinque
1135 1671 1256 1736 talenta

97 1807 266 1885 acceperat
289 1805 323 1861 et
343 1806 492 1882 operatus
512 1804 561 1860 est
589 1795 698 1872 ineis,
722 1804 755 1859 et
778 1783 918 1861 lucratus
941 1805 991 1861 est
1011 1795 1073 1861 alia
1093 1793 1253 1881 quinque;

98 1924 244 1990 similiter
266 1923 321 2011 qui
341 1923 405 1986 duo
428 1932 594 2008 acceperat
619 1921 760 1987 lucratus
784 1931 833 1988 est
859 1921 921 1987 alia
940 1923 1012 1987 duo.
1059 1919 1124 1997 Qui
1147 1932 1254 1988 autem

97 2073 199 2116 unum
228 2057 394 2135 acceperat
422 2047 531 2112 abiens
560 2045 641 2112 fodit
669 2047 703 2110 in
733 2058 858 2125 terram,
889 2048 1054 2114 abscondit
1082 2049 1251 2135 pecuniam

97 2177 230 2244 Domini
252 2176 311 2242 sui.
358 2174 436 2239 Post
457 2173 593 2238 multum
613 2194 688 2238 vero
713 2174 864 2261 temporis
891 2174 979 2240 venit
1003 2174 1162 2242 Dominus
1189 2199 1254 2242 ser-

98 2326 209 2370 vorum
223 2303 360 2379 illorum,
377 2310 410 2366 et
428 2299 535 2386 posuit
554 2299 708 2366 rationem
729 2322 801 2366 cum
822 2301 877 2368 eis.
923 2301 968 2368 Et
987 2304 1141 2369 accedens
1165 2305 1254 2390 [qui]

15 2405 24 2426 ’
98 2428 241 2516 quinque
256 2426 376 2492 talenta
390 2396 564 2510 acceperat,
581 2424 697 2490 obtulit
712 2425 774 2490 alia
789 2425 940 2513 quinque,
959 2425 1077 2506 dicens,
1101 2431 1251 2514 Domine,

97 2554 240 2642 quinque
261 2551 381 2643 talenta
392 2550 548 2617 tradidisti
563 2549 649 2629 mihi,
663 2571 746 2626 ecce,
770 2550 831 2615 alia
853 2550 994 2638 quinque
1014 2557 1253 2641 superlucratus

96 2701 178 2746 sum.
209 2680 268 2744 Ait
279 2680 326 2744 illi
334 2679 493 2744 Dominus
504 2677 582 2763 ejus,
594 2677 695 2764 Euge,
709 2699 797 2743 serre
809 2680 890 2744 bone
903 2690 936 2745 et
945 2680 1056 2761 fidelis,
1070 2684 1146 2771 quia
1156 2709 1253 2774 super

96 2825 201 2893 pauca
213 2803 303 2870 fuisti
317 2803 429 2881 fidelis,
446 2825 543 2890 supra
557 2802 658 2868 multa
672 2813 704 2868 te
720 2803 927 2884 constituam
950 2806 1034 2873 intra
1050 2808 1082 2874 in
1099 2785 1250 2897 gaudium

95 2931 229 2996 Domini
243 2932 300 2997 tui.
347 2931 492 2998 Accessit
507 2939 613 2995 autem
629 2939 662 2994 et
677 2930 733 3016 qui
748 2930 811 2994 duo
823 2931 943 2997 talenta
957 2949 1132 3022 acceperat,
1148 2952 1181 3007 et
1195 2945 1251 3024 ait,

9 3075 13 3080 ·
95 3058 244 3136 Domine,
260 3059 324 3123 duo
339 3060 459 3125 talenta
474 3057 629 3125 tradidisti
651 3059 738 3136 mihi,
760 3081 843 3138 ecee,
860 3059 923 3128 alia
936 3053 1000 3130 duo
1015 3057 1161 3134 lucratus
1171 3077 1249 3138 sum.

94 3185 155 3250 Ait
174 3185 222 3250 illi
241 3186 400 3252 Dominus
419 3188 496 3272 ejus,
518 3187 620 3272 Euge,
645 3207 733 3252 serve
753 3189 836 3254 bone
858 3200 892 3255 et
918 3191 1028 3272 fidelis,
1054 3195 1130 3282 quia
1155 3218 1252 3283 super

93 3334 199 3400 pauca
212 3311 302 3378 fuisti
316 3311 427 3390 fidelis,
444 3333 541 3398 supra
554 3313 656 3378 multa
670 3322 702 3380 te
714 3315 923 3398 constituam3
946 3319 1030 3387 intra
1050 3321 1083 3387 in
1099 3323 1251 3409 gaudium

94 3439 228 3506 Domini
242 3440 300 3506 tui.

232 3683 454 3750 nominos
479 3685 670 3764 suavus,
695 3654 943 3768 Honorius,
961 3655 1121 3773 aaran,

365 3842 645 3907 anonumum
668 3845 976 3912 lnmsmrnm.

137 4124 198 4210 (1.)
224 4125 361 4191 Lumine
377 4125 552 4212 splendoris
568 4126 624 4203 tui,
642 4127 789 4205 Domine,
814 4151 996 4215 quesumus,
1020 4137 1114 4202 corda
1140 4151 1248 4210 nostra

89 4249 256 4329 inlumina,
281 4261 314 4317 et
343 4261 398 4317 tua
414 4302 421 4317 .
438 4297 470 4316 ..
496 4253 682 4339 protexione
704 4254 789 4320 omni
814 4265 956 4343 tempore
982 4260 1047 4374 vitp
1069 4276 1178 4379 nostrp
1207 4271 1247 4335 ab

90 4378 174 4443 omni
192 4378 393 4446 infestatione
409 4381 527 4448 inimici
543 4380 658 4449 inlesos
673 4405 730 4449 nos
746 4407 904 4465 conserva,
922 4410 978 4475 per
