2986 5074
467 509 701 555 suono-saxon
725 510 857 553 mrum.
1197 493 1237 558 77

247 653 313 716 giler
409 651 481 700 driht’
574 652 619 700 l'olc
708 649 753 698 ein
794 651 840 699 alli
873 649 905 699 ile
948 650 1021 700 dobte
1059 653 1230 704 vnderbioded

130 716 191 800 (5.)
209 714 345 791 Exaudi,
359 714 507 792 Domine,
520 715 674 801 populum
685 722 777 778 tuum
786 723 854 780 tota
863 714 921 779 tibi
932 724 1038 780 mente
1050 717 1237 802 subjectum,

81 821 213 882 7eadges
261 819 337 866 marti'
401 818 518 866 hehbisco'
641 818 714 866 boene
850 817 929 880 gibald
982 820 1027 879 pte
1074 820 1171 869 lichome
1223 837 1240 885 7

80 891 118 944 et
133 883 220 946 beati
234 880 369 946 Martini
384 880 542 966 pontificis
568 879 800 966 supplicatione
824 880 958 957 custodi,
981 891 1027 958 ut,
1051 903 1181 968 corpore
1207 894 1241 952 et

79 982 164 1031 hearte
206 984 331 1047 mscildado
380 985 400 1043 'b
444 984 565 1032 crfaestlice
606 984 691 1046 gilelde
753 983 838 1045 gigivia
890 998 906 1047 7
964 986 984 1044 b
1034 984 1121 1034 sobliee
1146 987 1239 1050 hyhtab

80 1045 179 1110 corde
194 1046 338 1132 protecti,
353 1045 438 1132 quod
481 1046 534 1131 pie
579 1045 712 1110 credidit
726 1055 866 1132 appetat,
882 1055 915 1111 et
930 1047 1015 1132 quod
1031 1048 1119 1134 juste
1134 1060 1240 1136 sperat

107 1147 201 1210 gihelde

81 1210 236 1288 obtineat,
252 1233 309 1297 per

286 1363 350 1414 allm’
544 1379 582 1412 ecc
701 1365 746 1428 god
839 1362 983 1426 symbeltid’
1047 1365 1124 1429 deges
1153 1365 1229 1417 bisses

128 1426 188 1510 (6.)
214 1427 435 1515 Omnipotens,
466 1427 657 1513 sempiterne
675 1427 776 1504 Deus,
798 1426 1030 1492 solemnitatem
1054 1428 1118 1494 diei
1143 1429 1240 1516 hujus

98 1529 213 1578 mildeliee
266 1531 427 1594 gisceavia7
503 1531 579 1578 c'ce
660 1528 704 1578 sin
793 1528 912 1592 bingvnge
992 1531 1075 1594 eadges
1138 1532 1197 1581 mar'

79 1593 240 1678 propitius
255 1593 389 1672 intuere,
405 1603 438 1658 et
458 1593 623 1658 eccesiam
638 1601 725 1657 tuam
741 1591 967 1658 intercessione
993 1593 1079 1658 beati
1103 1595 1239 1661 Martini

88 1694 138 1742 heb
149 1695 220 1743 bisoo'
268 1711 329 1758 7mc
405 1697 508 1744 ondeter'
557 1694 627 1743 dines
658 1695 774 1758 gilomlici
822 1696 852 1742 do
892 1695 1060 1758 gimersvngrm
1123 1699 1206 1760 giloni„

78 1759 242 1842 pontificis
256 1769 353 1846 atque
368 1757 554 1824 confessoris
568 1758 617 1823 tui
639 1758 790 1822 continua
810 1758 860 1821 fac
871 1757 1074 1824 caelebritete
1088 1762 1236 1845 gaudere,

138 1862 239 1911 allraaec
314 1879 344 1911 on
360 1861 405 1912 bec
447 1860 532 1925 gilefes
544 1861 599 1909 hine
653 1868 716 1909 cesto
748 1859 876 1908 berhenda
886 1859 921 1909 br

79 1925 287 2012 omniumque
313 1926 347 1990 in
370 1936 402 1990 te
425 1925 621 1990 credentium
646 1933 720 1988 vota
755 1923 911 2008 perficias,
948 1945 1005 2010 per
1096 1925 1098 1934 '

227 2062 320 2124 gearvig
394 2059 482 2110 vebid'
618 2061 682 2110 ulm'
779 2062 824 2122 fta
856 2077 904 2109 srre
943 2061 1048 2123 godcrnd
1083 2062 1226 2126 vagmefias

128 2125 188 2210 (7.)
213 2124 334 2202 Prests,
352 2145 533 2210 quesumus,
550 2124 759 2209 omnipotens,
787 2134 824 2189 nt
841 2123 924 2188 sicut
943 2123 1050 2190 divina
1070 2124 1236 2192 laudamus

77 2228 105 2275 in
154 2226 217 2290 halg’
313 2227 369 2276 mar'
477 2227 569 2275 ondete’
634 2227 703 2275 binas
740 2243 802 2290 7aec
865 2226 992 2275 hehbisco’
1049 2229 1218 2292 miclapvndru

77 2290 114 2354 in
141 2289 242 2356 sancti
272 2289 406 2356 Martini
436 2289 623 2355 confessoris
649 2290 697 2356 tui
724 2299 820 2375 atque
850 2289 1010 2375 pontificis
1046 2293 1211 2378 magnalis,

77 2409 128 2442 svae
193 2393 328 2456 l'egefnise
407 2391 452 2442 sin
490 2393 582 2442 arfaesti
614 2393 652 2441 his
706 2393 803 2442 besdvm
868 2393 1030 2456 togisoecave

77 2457 126 2522 sic
141 2456 371 2542 indulgentiam
385 2464 473 2521 tuam
502 2455 563 2542 piis
592 2456 661 2540 ejus
676 2455 825 2540 precibus
840 2455 1059 2540 adsequamur,
1076 2477 1134 2541 per

102 2673 135 2712 X.
166 2650 248 2714 ΚΑΒ,
270 2672 478 2728 DEGEMBRIS,
509 2670 649 2713 NATAnn
679 2669 811 2713 SANCTAE
842 2671 981 2713 onoma
1012 2670 1201 2732 ΜΑΕΤΥΒῙΒ,

583 2783 748 2825 vmonuls.

241 2937 317 3000 balgn'
380 2937 444 2988 cecil'
517 2938 609 2986 brovrae
668 2936 745 2984 binrae
812 2933 885 2982 driht'
1026 2935 1124 2984 boenvm

126 2999 187 3083 (1.)
213 3001 340 3065 Sanctae
353 3001 490 3067 Ceciliae
506 3001 652 3085 martyris
676 3009 751 3076 tuae,
776 2997 925 3074 Domine,
950 2998 1233 3083 supplicationibus

103 3103 151 3179 gite
223 3120 251 3151 vs
283 3104 533 3168 §tevesieaholpeno
562 3106 607 3164 lite
658 3101 723 3150 baare
806 3097 958 3174 arpyrblicne
1045 3100 1153 3162 symbelt’

76 3168 184 3230 tribue
209 3188 267 3231 nos
356 3167 462 3245 foveri,
562 3175 607 3242 ut,
642 3165 733 3249 cujus
772 3161 982 3226 venerabrlem
998 3162 1232 3229 sollennitatem

76 3270 260 3317 vef'ecromon
343 3270 434 3318 hernise
513 3270 563 3318 hire
660 3266 817 3342 bingvngrm·
944 3264 1138 3314 vesieafaestnad
1214 3282 1231 3331 7

76 3332 280 3417 prevenimus
309 3333 470 3419 obsequio,
501 3333 571 3417 ejus
602 3327 881 3396 intercessronrbus
913 3327 1169 3394 commendemur
1198 3339 1232 3394 et

75 3451 218 3496 carnungrm

87 3497 220 3573 meritis,
243 3520 301 3583 per

250 3651 296 3714 god
360 3650 424 3701 licem
467 3652 538 3714 eedga
613 3647 678 3699 cecil'
754 3662 801 3697 sva
828 3647 1061 3710 hygdignis'lclsen’
1116 3658 1178 3700 ceste

134 3713 194 3796 (2.)
227 3713 327 3789 Deus,
366 3715 418 3778 cui
454 3716 547 3779 beata
584 3713 716 3778 Caecilia
751 3712 797 3775 ita
854 3711 1007 3775 castitatis
1065 3712 1231 3779 devotione

101 3817 233 3878 gicvoemde
294 3820 339 3878 pte
393 3817 490 3880 gibedde
582 3817 632 3864 sini
958 3811 1071 3876 7brober
1162 3815 1199 3863 ln's

75 3879 267 3964 conplacuit,
298 3890 335 3944 ut
363 3881 530 3965 conjugem
560 3901 654 3942 suum
677 3875 892 3951 Valerianum,
919 3875 1107 3960 affinemque
1137 3898 1230 3942 suum

288 3982 320 4031 be
340 3983 365 4039 7)
398 3984 483 4046 gidyde
500 3986 544 4045 pte
555 3997 615 4031 rere
624 3981 731 4045 gihalgad
746 3978 815 4026 f'bon
855 3990 871 4038 7
937 3976 1003 4038 engle
1070 3978 1200 4040 brengende

75 4045 271 4124 Tiburtium,
302 3982 361 4111 tibi
383 4047 502 4111 faceret
527 4043 712 4119 consecrari,
742 4063 816 4106 nam
846 4048 888 4115 et,
915 4038 1029 4123 angelo
1057 4040 1229 4120 deferente,

108 4150 241 4198 lexendra.
267 4151 498 4214 stengcbrengendra
526 4149 655 4197 blostmana
708 4147 799 4209 sigbego
879 4141 1029 4205 paelrn'7aee
1100 4141 1215 4209 bmrnges

73 4213 260 4277 micantium
304 4214 475 4278 odoriferas
531 4212 645 4276 florum
684 4228 815 4274 coronas
855 4205 1055 4291 palmamque
1091 4210 1230 4295 martyrii

107 4317 222 4380 onsengon
343 4314 470 4366 vebiddalt
522 4317 567 4376 ’pte
693 4310 835 4375 gibingende
921 4307 957 4357 i’c
1031 4327 1058 4358 vs
1163 4314 1215 4362 uoel

75 4391 295 4466 perceperunt,
316 4400 488 4467 quesumus
520 4388 564 4455 ut,
599 4399 637 4444 ea
667 4374 882 4442 intercedente
914 4393 972 4457 pro
1004 4373 1103 4452 nobis,
1135 4377 1230 4442 bene·
