3040 5074
490 519 724 564 ANGLO-snxort
748 523 879 565 struat.

422 756 458 798 nr
483 738 599 800 narnn’
622 758 725 802 umus
748 757 950 806 arsenarum.

152 867 212 950 (1.)
238 866 416 934 Laetabitur·
426 870 532 955 justus
548 893 621 935 cum

152 993 214 1058 Ps'.
239 995 374 1072 Exaudi,
391 997 491 1074 Deus,
509 998 682 1063 orationem
698 1019 808 1062 meam.

153 1121 215 1203 (2.)
241 1123 339 1201 Deus,
367 1125 423 1210 qui
446 1148 503 1192 uos
528 1127 624 1204 beati,
651 1125 853 1212 il’,·martyris
868 1124 915 1190 tui
936 1145 1042 1189 annua
1062 1122 1260 1192 solemnitate

103 1242 250 1347 lptificas,
279 1251 416 1316 concede
445 1251 610 1338 propitius,
642 1262 679 1318 ut
702 1253 800 1338 cujus
829 1251 978 1320 natalicia
1007 1250 1140 1316 colimus
1166 1248 1262 1314 etiam

104 1371 248 1440 actiones
263 1375 431 1456 imitemur,
448 1401 505 1466 per

497 1584 567 1646 nsc’
590 1584 656 1646 nrn'
679 1601 871 1645 snrrnnrrm.

153 1707 212 1790 (1.)
238 1707 358 1773 Beatus
381 1709 429 1773 vir
454 1709 510 1795 qui
538 1709 572 1773 in
602 1709 757 1795 sapientia
786 1731 844 1774 sua
869 1706 1051 1784 morabitur,
1082 1717 1116 1773 et
1146 1707 1201 1793 qui
1228 1707 1262 1770 in

99 1831 238 1914 justitiae
268 1834 480 1912 meditabitur,
510 1844 543 1899 et
570 1834 604 1899 in
634 1857 728 1899 sensu
759 1833 911 1919 cogitabit
947 1832 1273 1928 circumspectionem,

104 1955 179 2020 Dei.
226 1958 361 2042 Cybavit
375 1959 465 2022 illum
481 1981 595 2044 panem
610 1958 676 2068 vitp
691 1968 723 2023 et
738 1959 929 2036 intellectus,
950 1969 984 2024 et
998 1981 1082 2045 aqua
1096 1961 1262 2047 sapientiae

104 2081 253 2148 salutaris
277 2083 397 2169 potavit
417 2083 517 2159 illum,
536 2092 570 2146 et
589 2082 765 2156 firmabitur
784 2083 817 2148 in
841 2083 897 2148 illo
913 2095 946 2149 et
968 2107 1032 2152 non
1051 2086 1207 2165 flectetur,
1229 2099 1263 2153 et

104 2207 281 2274 continebit
305 2209 396 2273 illum
420 2219 454 2276 et
478 2232 542 2274 uon
569 2183 789 2292 confundetur,
817 2221 850 2277 et
879 2212 1033 2278 exaltabit
1061 2213 1152 2280 illum
1178 2217 1263 2302 apud

103 2336 265 2422 proximos
295 2359 378 2416 suos,
410 2348 443 2403 et
471 2338 598 2403 nomine
627 2349 748 2405 aeterno
777 2339 967 2404 hereditabit
990 2339 1080 2404 illum
1105 2341 1262 2408 Dominus

106 2466 198 2532 Deus
213 2477 329 2532 noster.

640 2639 726 2681 ALIA.

159 2753 219 2836 (1.)
254 2751 439 2817 Ascendant
467 2751 507 2816 ad
537 2761 579 2828 te,
610 2750 759 2828 Domine,
791 2771 900 2835 preces
929 2758 1047 2863 nostrp,
1078 2759 1111 2815 et
1141 2749 1262 2814 animas

103 2877 295 2942 famulorum
310 2877 561 2963 famularumque
583 2887 710 2942 tuarum
731 2875 849 2964 gaudia
872 2885 993 2940 aeterna
1019 2875 1202 2961 suscipiant,
1227 2887 1264 2940 ut

108 3027 189 3091 quos
210 3003 313 3070 fecisti
338 3005 517 3090 adoptionis
547 3003 727 3089 participes,
751 3003 866 3086 jubeas
892 3001 1076 3066 hereditatis
1102 3011 1168 3066 tuae
1194 3024 1264 3068 esse

104 3139 277 3208 consortes,
293 3153 351 3218 per

150 3259 211 3342 (2.)
237 3257 359 3322 Omnes
370 3257 450 3344 justi
464 3255 668 3322 meditabitur
683 3264 716 3323 et
731 3254 873 3340 sapient'¹

148 3383 199 3448 V‘.
222 3382 293 3447 Lex
309 3381 372 3447 Dei
388 3382 458 3467 ejus
473 3381 506 3445 in
521 3382 615 3447 corde
629 3381 739 3468 ipsius.

236 3613 404 3664 ssourrua
420 3591 461 3677 (i)
485 3612 704 3656 nvnnonmum
727 3609 910 3656 sncunnum
932 3577 1130 3652 rossanam.

152 3729 212 3813 (1.)
237 3727 276 3790 In
300 3725 355 3789 illo
376 3733 518 3810 tempore
542 3724 623 3790 dixit
650 3724 706 3787 Ibs
731 3722 896 3808 discipulis
923 3719 997 3796 suis,
1018 3721 1133 3796 Amen,
1158 3743 1259 3798 amen,

106 3854 178 3919 dico
200 3852 297 3929 vobis,
325 3850 386 3915 nisi
416 3871 549 3935 gramm
573 3847 724 3918 frumenti
754 3847 869 3911 cadens
898 3845 931 3908 in
962 3853 1077 3908 terram
1102 3855 1263 3911 mortuum

104 3979 211 4056 fuerit,
227 3980 332 4067 ipsum
348 3979 450 4044 solum
465 3992 580 4044 manet.
629 3976 663 4040 Si
685 3984 792 4040 autern
816 3983 975 4038 mortuum
997 3972 1102 4049 fuerit,
1126 3974 1260 4038 multum

105 4107 242 4172 fructum
273 4109 372 4174 affert.
419 4105 486 4181 Qui
511 4113 597 4170 amat
622 4103 759 4169 animam
785 4124 873 4167 suam
900 4101 1014 4187 perdet
1038 4122 1119 4178 eam,
1144 4109 1178 4166 et
1207 4100 1263 4187 qui

104 4233 210 4319 perdit
227 4234 268 4320 (i)
286 4235 423 4299 animam
439 4254 528 4299 suam
543 4231 576 4295 in
591 4230 652 4294 hoc
668 4227 796 4304 mundo,
819 4227 852 4292 in
873 4225 970 4291 vitam
992 4237 1134 4292 eternam
1155 4236 1262 4291 custo-

105 4361 153 4426 dit
178 4383 257 4426 earn
305 4362 339 4426 Si
366 4362 437 4448 quis
464 4359 541 4426 mibi
570 4357 737 4432 ministrat,
767 4377 831 4420 me
849 4361 1020 4440 sequatur3
1054 4361 1088 4418 et
1113 4352 1168 4417 ubi
1194 4374 1264 4417 sum

1103 4500 1125 4542 r
