2986 5074
500 529 735 576 suano-saxon
760 530 893 574 arnust.
1235 517 1275 581 73

269 665 342 720 bium
542 689 559 736 Ἰ
704 675 796 736 pvldrig
830 673 993 737 symbelcenn’
1021 690 1049 722 re
1060 673 1092 722 l'e
1102 689 1180 722 evome
1229 689 1277 722 sva

115 732 222 797 lorum
237 742 365 798 tuorum
383 734 520 800 Simonis
535 746 567 801 et
581 737 602 801 J
603 737 664 801 ude
679 737 817 822 gloriosa
835 737 980 802 natalitia
996 737 1205 822 prevenimus,
1228 736 1274 800 sic

115 843 141 882 to
179 835 238 884 tint
264 838 424 886 uoelfremnis'
487 841 608 902 gimmado
684 855 772 902 mugen
782 839 866 902 brymo
931 839 975 888 tin
1039 839 1071 887 f'e
1136 855 1164 886 vs
1228 837 1262 886 ba

115 898 158 961 ad
184 908 241 964 tua
265 901 420 965 beneficia
444 903 652 986 promerenda
680 904 879 988 majestatem
909 911 997 966 tuam
1023 924 1080 987 pro
1102 901 1194 966 nobis
1209 901 1273 986 ipsi

158 1001 195 1048 f'e
206 1019 271 1079 cypro

116 1075 313 1149 prevenrant,
329 1087 387 1152 per

362 1236 401 1276 11.
432 1215 488 1276 η’
506 1215 670 1291 uovuun'‚
695 1235 814 1278 ennom
844 1237 1018 1284 oururnu.

250 1359 341 1421 -eadges
573 1358 682 1407 brocares
723 1358 792 1407 dines
866 1359 938 1407 driht'
1005 1361 1055 1422 vsig
1136 1376 1163 1407 ve
1174 1360 1223 1407 bid'

163 1420 222 1504 (1.)
257 1421 350 1486 Beati
380 1421 528 1496 Quintini
557 1423 704 1508 martyris
734 1421 791 1498 tui,
822 1421 970 1500 Domine,
1001 1444 1059 1486 nos
1090 1444 1272 1507 quesumus,

114 1539 232 1586 earnmgo
327 1525 415 1587 gifylga
514 1541 531 1588 Ἰ
575 1524 620 1574 tin
692 1541 719 1572 vs
825 1525 849 1571 1’
864 1526 936 1573 aluisa
1049 1526 1122 1587 symle
1170 1525 1273 1586 glhrema

115 1585 230 1650 merita
244 1595 485 1673 prosequantur,
504 1598 537 1653 et
552 1598 640 1653 tuam
660 1586 751 1651 nobis
770 1541 999 1672 indulgentiam
1019 1609 1144 1672 semper
1170 1587 1273 1673 inplo-

114 1689 157 1736 hia

114 1761 198 1828 rent,
214 1774 272 1837 per
287 1753 328 1816 D'

299 1937 415 1979 EODEM
445 1939 517 1993 mu,
543 1936 678 1981 vunnu
707 1937 851 1980 OMNIUM
875 1938 1089 1981 SANGTORUM.

286 2062 358 2110 driht'
421 2064 466 2124 god
510 2078 582 2128 ¹vser
645 2063 808 2125 gimonigfalda
873 2063 911 2112 of'
960 2081 987 2114 vs
1050 2063 1116 2126 gessa
1209 2062 1254 2110 ain

161 2123 221 2207 (l.)
245 2124 383 2190 Domine
399 2125 490 2189 Deus
498 2135 615 2201 noster,
638 2126 816 2211 multiplica
837 2149 933 2212 super
947 2150 1006 2191 nos
1020 2127 1153 2212 gratiam
1170 2134 1267 2202 tuam,

114 2239 132 2288 Ἰ
206 2224 264 2274 bara
328 2228 509 2277 vel'ecvomon
582 2229 657 2290 vldrig
706 2228 851 2290 symbeltido
906 2230 963 2293 gisel
1026 2229 1207 2304 btevegilylpa
1244 2229 1271 2277 in

111 2297 155 2365 et,
173 2311 307 2374 quorum
322 2291 523 2375 prevenimus
543 2243 681 2376 gloriosa
700 2291 861 2368 solemnia,
884 2295 987 2358 tribue
1043 2293 1193 2378 subsequr
1237 2291 1272 2355 in

128 2393 199 2455 halg'v
271 2395 402 2442 ondetnisse
466 2395 577 2456 glaednise

112 2465 224 2522 sancta
238 2457 432 2543 professione
447 2457 600 2535 laetitiam,
616 2480 674 2543 per

199 2706 201 2710 .
268 2631 325 2693 η’
355 2632 543 2708 novenam,
569 2652 707 2696 urruns
736 2654 881 2697 omurun
905 2651 1120 2694 annosorum.

275 2778 342 2840 giher
438 2779 510 2826 driht'
584 2778 672 2842 beguai
721 2779 779 2829 ilino
810 2779 861 2828 mit
903 2778 1055 2841 moniglnllic?
1093 2776 1268 2842 halgamm(?)

158 2840 219 2923 (1.)
244 2840 378 2917 Exaudi,
395 2841 541 2917 Domine,
557 2842 693 2908 famulos
708 2853 780 2908 tuos
795 2865 868 2908 cum
893 2841 1062 2926 multiplici
1084 2849 1265 2905 sanctorum

145 2939 217 2990 llinra
289 2943 322 2992 lle
364 2943 543 3008 fadorlicobing
625 2946 756 2995 boensendn
835 2961 852 3009 Ἰ
931 2945 1021 2992 tidlioes
1117 2943 1168 2991 lifes
1200 2941 1264 2991 tem

110 3013 242 3068 tuorum
269 3005 329 3072 tibi
365 3007 539 3093 patrocinio
577 3009 802 3094 supplicantes
833 3017 866 3073 et
895 3005 1076 3091 temporalis
1105 3005 1180 3069 vitae
1210 3027 1264 3070 eos

126 3107 186 3168 gisel
251 3109 302 3158 sibb
366 3110 449 3172 gifeaia
513 3125 530 3172 Ἰ
628 3126 666 3159 ece
768 3111 867 3173 gimoeta
920 3108 1043 3170 glaednisse

110 3169 218 3234 tribue
240 3192 318 3256 pace
334 3173 482 3257 gaudere,
498 3181 531 3236 et
545 3182 732 3259 perpetuam
746 3171 885 3257 reperire
900 3170 1061 3245 laetitiam,
1078 3190 1136 3253 per

323 3303 378 3352 alm'
547 3320 585 3352 eoo
723 3304 768 3366 god
811 3301 888 3351 brba
911 3301 962 3365 vsig
1025 3301 1082 3350 allra
1201 3304 1268 3368 halga

158 3367 218 3450 (2.)
243 3366 463 3452 Omnipotens,
479 3367 676 3452 sempiterne
692 3366 793 3443 Deus,
821 3365 876 3451 qui
901 3387 959 3429 nos
982 3364 1123 3429 omnium
1141 3377 1265 3432 saneto-

110 3484 168 3517 vara
203 3485 318 3532 mmmga
341 3471 414 3518 ruder
540 3471 649 3533 gisaldest
729 3484 849 3531 mersvnga
897 3471 942 3530 ’pte
953 3467 1062 3532 giporbia
1135 3486 1162 3518 ve
1171 3471 1220 3518 bid'

109 3553 184 3595 rum
208 3533 322 3597 merita
350 3535 409 3598 sub
434 3555 497 3598 una
524 3532 662 3598 tribuisti
693 3532 876 3598 celebritate
908 3531 1059 3608 venerari,
1094 3555 1266 3618 quesumus

110 3637 158 3696 §te
199 3635 354 3700 vilnende(?)
420 3653 447 3684 vs
480 3636 549 3684 diues
645 3637 719 3684 milse'
848 3634 1007 3698 ginyhtsinise
1072 3637 1234 3698 monigfaldvm

110 3707 150 3762 ut
164 3698 372 3764 desideratam
383 3699 473 3764 nobis
483 3708 549 3763 tuae
559 3698 792 3784 propitiationis
803 3698 1037 3774 abundantiam,
1047 3699 1266 3780 multiplicatis

177 3799 319 3865 bingvngvm
415 3800 468 3864 ages
476 3801 510 3850 bv

109 3863 381 3942 intercessoribus,
397 3863 549 3950 largiaris,
559 3885 617 3949 per

253 4000 286 4048 sel
362 3999 449 4048 vebid'
546 3995 616 4045 driht'
681 3996 828 4058 gileaffvllrm
893 3995 950 4043 felci
1038 3993 1086 4040 alra
1200 3995 1268 4059 halga

157 4062 217 4147 (3.)
241 4063 303 4138 Da,
314 4083 496 4147 quesumus,
509 4059 656 4135 Domine,
681 4058 828 4122 fidelibus
852 4057 979 4143 populis
991 4055 1130 4120 omnium
1143 4069 1266 4122 sancto-

109 4179 165 4212 vara
225 4165 298 4227 symle
371 4164 493 4240 perturpe
526 4165 571 4222 bre
579 4162 723 4224 vogladise-1
763 4161 828 4208 hiora
909 4160 991 4208 ecclic?
1095 4159 1192 4222 giboeue

108 4247 181 4290 rum
197 4249 321 4312 semper
331 4238 533 4292 veneratione
556 4224 668 4301 laetari,
695 4234 727 4289 et
743 4244 851 4288 eorum
867 4233 1022 4310 perpetua
1033 4222 1263 4308 supplicatione

109 4331 155 4390 *lite
166 4345 194 4378 ve
205 4330 238 4378 sie
248 4331 400 4407 gitrpurmedo

190 4414 316 4469 mumn,
420 4413 477 4477 per

1113 4496 1133 4537 n
