3040 5074
446 503 678 548 ANGLO·SAXON
703 505 834 548 RI'l'UAL.

262 691 266 700 .
290 640 340 703 V'.
365 636 459 702 Misit
473 638 565 703 Deus
580 637 825 703 misericordiam
841 659 930 704 suam

255 765 258 770 “
291 764 343 827 R'.
367 763 524 848 Angustie
539 762 617 826 mihi
633 763 773 848 undique

290 891 338 954 V'.
364 890 399 954 Si
414 889 498 954 enim
514 889 574 954 hoo
589 911 683 975 egero
698 912 782 957 mors

295 1014 554 1111 R’nL'andabilis
568 1016 706 1102 populus
718 1039 816 1102 quern

292 1143 340 1207 V'.
364 1142 430 1218 Qui
444 1140 530 1228 regis
546 1139 654 1216 Israel,
671 1139 799 1204 intende

488 1433 543 1496 An’
560 1451 653 1494 uuna
676 1451 791 1496 surae.

291 1620 340 1683 Α’.
364 1616 440 1682 Vidi
455 1615 628 1680 Dominum
645 1613 808 1677 sedentem
824 1635 919 1699 super

290 1745 338 1809 Α’.
363 1742 491 1830 Aspice,
508 1740 655 1816 Domine,
674 1739 749 1824 quia
762 1739 847 1804 facta
861 1748 910 1803 est

290 1871 341 1935 Α’.
366 1871 470 1955 Super
485 1890 591 1933 muros
607 1877 687 1943 tuos,
704 1847 882 1931 Jerusalem

295 1995 343 2059 A’.
368 1993 467 2059 Muro
482 2003 538 2058 tuo
553 1993 792 2080 inexpugnabili

422 2235 519 2312 Audi,
537 2237 673 2322 benigne
690 2237 853 2316 Conditor,

381 2363 515 2428 Nostrae
531 2385 650 2448 preces,
667 2385 739 2428 oum
754 2365 889 2443 fletibus,
924 2439 934 2446 ⁶

378 2490 418 2554 In
433 2491 494 2556 boc
509 2513 597 2556 sacro
608 2492 731 2576 jejunio

378 2618 479 2684 Fusus
495 2617 752 2704 quadragenario.

426 2800 590 2864 Scrutator
604 2800 686 2865 alme
702 2801 852 2878 cordium,

381 2926 512 2990 Infirma
526 2936 563 2990 tu
577 2927 638 2992 seis
653 2928 775 3005 virium,

380 3051 434 3114 Ad
450 3061 482 3116 te
497 3052 631 3118 reversis
646 3053 738 3118 exibe

381 3178 588 3264 Remissionis
603 3178 746 3264 gratiam.

423 3359 567 3426 Multum
583 3361 711 3446 quidem
727 3362 934 3448 peccavimus,

382 3488 446 3552 Sed
463 3510 556 3574 parce
572 3488 804 3566 confitentibus,

380 3617 433 3681 Ad
448 3617 573 3684 laudem
586 3617 634 3682 tui
649 3617 784 3682 nominis

382 3745 500 3810 Confer
515 3743 670 3809 medelam
685 3743 851 3828 languidis.

428 3929 481 3994 Sic
496 3949 610 4013 eorpus
626 3937 716 3992 extra
731 3927 860 4003 conteri,

381 4055 477 4119 Dona
491 4075 549 4140 per
563 4053 794 4130 abstinentiam,

382 4181 512 4266 Jejunet
526 4191 564 4245 ut
578 4201 667 4246 mens
683 4179 787 4244 sobria

386 4307 417 4369 A
432 4305 504 4372 labe
519 4327 647 4393 prorsus
664 4304 839 4370 eriminum.
