3040 5074
658 521 892 568 ANGLO·SAXON
916 521 1049 567 urruns.

522 775 692 820 nunnoni
715 777 758 820 nn
780 739 935 822 ur'uauno
957 777 1189 822 ancunnnnno.

325 892 386 974 (1.)
411 887 544 966 Mihacl,
570 889 712 966 Gabriel,
737 889 893 975 Raphael,
910 891 1074 956 Cherubin
1089 901 1123 957 et
1139 892 1282 971 Serulim,
1300 893 1358 979 qui
1372 915 1431 956 non
1458 905 1461 911 ’
1498 917 1499 944 l

278 1024 406 1079 cessant
433 1014 567 1080 clamere
589 1015 704 1080 cotidie
726 1016 877 1095 dicentes,
901 1017 1028 1102 Dignus
1050 1040 1094 1096 es,
1120 1019 1268 1097 Domine,
1290 1019 1432 1104 accipere

279 1140 421 1224 gloriam.

323 1264 373 1330 V’.
395 1264 435 1330 ln
450 1274 624 1355 conspectu
638 1267 821 1352 angelorum
836 1267 970 1355 psallam
985 1267 1052 1334 tibi.

777 1473 924 1518 OREMUS·

325 1611 383 1697 (1.)
408 1611 509 1689 Deus,
527 1610 583 1698 qni
597 1610 677 1675 miro
696 1609 814 1687 ordine,
838 1611 1022 1696 angelorum
1044 1611 1184 1676 misteria
1204 1611 1429 1699 hominumque

279 1736 451 1822 dispenses,
468 1736 606 1800 concede
622 1735 778 1821 propitius
789 1744 826 1802 ut
837 1737 953 1822 quibus
964 1737 1022 1802 tibi
1036 1737 1288 1805 ministrantibus
1303 1740 1338 1803 in
1353 1739 1429 1804 coelo

280 1884 406 1950 semper
421 1862 571 1940 asistitur,
588 1863 628 1928 ab
642 1862 692 1928 his
706 1861 740 1928 in
755 1871 839 1930 terra
853 1871 961 1929 nostra
974 1863 1040 1929 vita
1053 1866 1223 1943 muniatur,
1240 1887 1300 1952 per

752 2065 957 2110 Auurruous.

325 2204 384 2290 (1.)
416 2201 576 2267 lohannes
602 2199 765 2266 vocabitur
788 2221 908 2266 nomen
934 2199 1013 2286 ejus,
1044 2208 1077 2266 et
1105 2199 1140 2264 in
1168 2199 1336 2267 nativitate
1366 2203 1430 2288 ejus

278 2330 371 2395 multi
386 2329 578 2414 gaudebuut

322 2455 371 2546 V'.
395 2457 471 2540 Ipse
486 2453 636 2540 preibnnt
647 2461 720 2516 ente
735 2451 875 2516 illumin
891 2450 1005 2537 spiritu
1018 2459 1052 2516 et
1066 2451 1183 2516 virtute
1199 2453 1309 2556 Helip

323 2582 384 2668 (2.)
420 2581 641 2666 Omnipotens,
672 2579 865 2665 sempiterne
893 2579 994 2657 Deus,
1031 2580 1073 2644 da
1101 2581 1286 2665 corporibus
1318 2585 1430 2650 nostris

278 2706 366 2772 illam
387 2715 514 2772 tuarum
535 2704 725 2794 rectitudine
740 2703 932 2781 semitarum,
949 2703 1004 2790 qui
1025 2705 1112 2770 beati
1125 2706 1280 2773 Johannis
1295 2711 1431 2778 babtiste

277 2831 312 2896 in
325 2830 451 2896 deserto
466 2852 528 2896 vox
543 2829 709 2896 clamantis
724 2829 859 2907 edocuit,
875 2852 933 2917 per

753 3033 962 3078 AN‘ssPfloNA.

323 3173 382 3257 (1.)
408 3170 529 3237 Beatus
556 3171 671 3235 Petrus
697 3168 856 3254 apostolos
879 3169 959 3234 vidit
984 3168 1044 3234 sibi
1068 3167 1231 3235 Christum
1256 3185 1428 3250 occurrere,

277 3297 411 3362 adorans
426 3321 503 3364 eum
525 3309 559 3364 et
581 3297 636 3374 ait,
660 3295 808 3372 Domine,
833 3318 896 3383 quo
918 3294 1032 3360 vadis?
1075 3297 1179 3362 Venio
1196 3298 1303 3364 Roma
1317 3301 1428 3367 iterum

277 3423 428 3507 crucifigi.

747 3624 956 3670 curtenova,

322 3769 381 3855 (1.)
406 3766 460 3832 Tu
475 3787 509 3830 es
527 3765 651 3841 Petrus,
664 3773 697 3828 et
708 3787 804 3850 super
821 3775 944 3850 petrum
958 3766 1122 3832 aedificabo
1137 3769 1305 3834 ecclesiam
1320 3792 1428 3846 meam,

276 3905 309 3965 et
323 3903 415 4006 portp
430 3893 545 3958 inferni
559 3913 623 3972 non
638 3891 846 3980 prevalebunt
859 3893 1009 3959 adversus
1021 3917 1106 3960 eam.

320 4020 370 4084 V‘.
394 4022 434 4083 ln
449 4039 573 4082 omnem
589 4026 707 4085 terram
721 4016 829 4083 exivit.

782 4220 916 4264 ORATIO.

321 4331 379 4418 (1.)
405 4330 505 4408 Deus,
529 4330 586 4415 qui
608 4331 700 4396 beato
728 4307 834 4412 Petro,
865 4336 1008 4422 apostolo
1031 4345 1096 4416 tuo,
1127 4339 1261 4406 conlatis
1287 4343 1425 4410 clavibus
