3040 5074
475 509 709 554 ANGLo-snxou
733 511 866 556 RITUAL.

524 757 606 820 n’e‘u
628 776 672 819 nn
695 775 830 820 Junmu.

395 891 444 954 R'.
471 887 597 952 Adonai
610 888 748 952 Domine
765 889 855 952 Deus
871 909 994 974 magnae

394 1015 441 1076 V’.
466 1013 533 1088 Qui
548 1013 631 1096 regis
648 1011 758 1089 Israel,
773 1011 862 1076 inten

392 1140 442 1204 R'.
467 1137 704 1206 Tribulationes
720 1137 780 1201 civi

392 1265 441 1329 V'.
465 1263 670 1331 Peccavimus
684 1285 756 1328 oum
771 1263 915 1349 patribus

395 1389 445 1452 R'.
470 1386 640 1451 Benedixit
656 1397 688 1451 te
704 1387 862 1452 Dominus
919 1436 921 1439 -

392 1513 441 1576 V'.
466 1511 532 1589 Qui
547 1511 631 1596 regis
648 1511 764 1589 Israel¹
878 1585 880 1592 s

393 1639 448 1703 R'.·
466 1637 535 1702 Nos
550 1637 647 1702 alium
663 1637 770 1700 Deum
784 1659 841 1702 nes

392 1766 440 1827 V'.
465 1764 531 1838 Qui
546 1763 629 1847 regis
646 1763 746 1827 Israel

391 1891 440 1954 R’.
466 1890 677 1954 Recordarem
693 1889 732 1966 ei,
748 1887 887 1952 Domine

392 2018 441 2082 V’.
466 2017 606 2100 Exurge,
622 2016 770 2092 Domine,
787 2017 912 2101 adjutor

391 2143 440 2208 R’.
463 2141 652 2207 Dominator
668 2119 807 2206 Domine

391 2269 438 2330 V'.
463 2267 529 2341 Qui
544 2266 628 2350 regis
645 2266 744 2330 Israel

390 2391 438 2453 V'.
463 2389 569 2454 Allide
584 2389 700 2454 virtute

510 2586 562 2650 Au’
580 2603 671 2646 uunn
696 2603 810 2646 sueno.

336 2769 337 2774 1
390 2721 438 2782 Α’.
462 2718 588 2782 Adonai
603 2717 741 2782 Domine
757 2719 848 2782 Deus
919 2780 922 2784 .

389 2848 438 2910 Α’.
462 2846 525 2922 Tu,
542 2845 689 2921 Domine,
706 2844 758 2908 eui
773 2843 940 2908 humilium
1046 2869 1050 2890 ·

443 3065 510 3126 n1'n
533 3083 576 3124 nn
599 3082 867 3126 Muennnnonum.

302 3194 350 3257 R’.
374 3192 548 3278 Adepeniat
563 3193 721 3258 Dominus
736 3216 790 3259 eor
804 3205 942 3259 vestrum
959 3207 991 3261 et
1006 3199 1039 3261 in

301 3320 348 3384 V'.
373 3319 534 3384 Exaudiat
549 3319 706 3384 Dominus
722 3321 878 3386 orationes
893 3332 1016 3388 nostras

301 3446 350 3508 R’.
374 3445 448 3509 Tua
463 3455 511 3509 est
526 3445 676 3530 potentia,
694 3455 784 3510 tuum
799 3469 932 3532 regnum

300 3571 348 3634 V'.
374 3570 439 3644 Qui
454 3571 538 3655 regis
556 3572 813 3664 Israelfintende

304 3695 353 3758 R'.
379 3695 518 3760 Refulsit
532 3697 579 3760 sol
594 3698 627 3760 in
642 3698 776 3782 clippeis
793 3701 897 3765 aui-eis

299 3822 347 3886 V'.
372 3821 577 3905 Disrumpam
594 3821 719 3885 vincula
734 3824 845 3907 populi

300 3947 348 4010 R'.
372 3947 531 4030 Impetum
547 3945 744 4010 inimieorum
758 3969 800 4011 ne
815 3949 915 4012 timue

297 4072 348 4135 V'.
373 4071 538 4136 Memento
554 4081 586 4136 te
601 4071 790 4135 mirabilium
806 4074 875 4157 ejus

301 4198 349 4261 R'.
374 4197 577 4262 Ornaverunt
591 4194 704 4260 faciem
719 4195 834 4280 templi.
845 4217 949 4262 coram
977 4257 980 4262 .

303 4323 352 4388 V'.
377 4324 416 4391 In
432 4323 534 4410 ymnis
550 4333 584 4390 et
599 4321 848 4390 confessionibus
