2986 5074
457 501 692 548 nuouosnxou
717 504 849 548 arrosa.
1191 494 1228 552 41

251 639 297 701 god
329 631 406 688 briis
458 641 588 702 syngendra
668 643 731 690 navlo
790 640 888 704 uyltbv
919 641 990 690 locria
1038 644 1068 692 ab
1134 660 1208 706 syuno

118 703 200 785 (10.)
224 701 325 778 Deus,
349 702 403 788 qui
425 704 624 786 peccantium
650 705 770 770 animas
793 705 882 770 novis
904 705 1008 789 perire
1031 707 1086 770 sed
1109 708 1228 792 culpas,

95 803 175 864 gihald
274 807 294 865 lt
365 805 505 867 rogieamia
553 807 613 856 iorm
672 823 688 871 7
757 809 776 868 lt
875 823 903 856 ve
913 809 995 856 biddas
1072 808 1107 858 of’
1180 813 1230 874 vsig

71 866 210 944 contine,
234 889 330 952 quam
355 889 521 945 meremur,
546 869 633 946 iram,
665 879 698 935 et
728 892 822 955 quam
852 893 1017 955 precamur
1046 895 1143 957 super
1172 895 1230 940 nos

104 969 150 1016 dael
237 971 389 1018 rvmmodnisc
442 974 486 1032 'fito
519 972 544 1018 ol
581 973 667 1020 retnise
696 973 899 1036 glaetlniselgifea
915 973 992 1022 eiuro
1032 976 1198 1024 nultbeartnise

70 1030 199 1096 effunde
214 1032 422 1111 clementiam,
448 1045 484 1098 ut
510 1034 550 1099 de
565 1057 687 1100 merore
724 1035 876 1120 gaudium
920 1046 986 1102 tuae
1006 1037 1231 1104 misericordias

72 1136 118 1194 lito
129 1152 157 1182 ve
167 1135 254 1212 grfylgu
291 1137 431 1199 vegiearnia

84 1219 236 1284 conseqru
273 1221 456 1276 mereamur,
484 1222 542 1288 per

314 1351 382 1414 gibod
560 1367 612 1400 vste
732 1351 820 1416 pebid'
962 1351 1025 1401 ellm'
1150 1357 1195 1417 god

117 1415 198 1497 (ll.)
223 1413 489 1498 Deprecationem
518 1424 667 1491 nostram,
696 1437 878 1500 quesumus,
905 1416 1103 1501 omnipotens
1126 1417 1227 1496 Deus,

80 1515 211 1564 volrvmlice
276 1517 341 1579 giber
406 1533 423 1581 7
477 1517 541 1566 baem
616 1520 758 1566 boenrendes
801 1518 933 1583 bugipnne
948 1520 1102 1581 gilmmmnise
1149 1535 1194 1569 τωο

69 1578 226 1662 benignus
249 1580 372 1656 exaudi,
396 1591 429 1645 et
455 1581 569 1666 quibus
593 1581 791 1667 supplicandi
811 1591 933 1667 prestas
949 1582 1106 1661 effectum,
1122 1583 1226 1648 tribue

103 1682 223 1730 scildnisse
303 1683 398 1732 fvltvme
590 1743 593 1748 Ι

69 1744 263 1810 defensionis
277 1745 440 1824 auxilium,
457 1769 514 1832 per
529 1747 571 1810 D'

243 1898 313 1959 gionn
411 1892 500 1960 pebid'
624 1895 687 1944 allm'
817 1897 863 1958 god
909 1899 952 1958 tte
973 1893 1043 1946 &aba
1061 1898 1128 1973 ‘ione
1151 1897 1228 1946 bimae

116 1961 197 2043 (la.)
223 1959 344 2036 Presta,
366 1981 548 2044 quesumus,
572 1960 771 2044 omnipotens
793 1959 893 2036 Deus,
917 1970 953 2025 ut
979 1961 1034 2046 qui
1060 1982 1138 2025 rram
1160 1969 1227 2026 tuae

135 2061 235 2110 vraeblio
334 2071 472 2126 veongeton
579 2060 704 2112 miltheart'
769 2061 845 2109 eiuro
918 2062 1037 2126 l’gefnissc
1172 2081 1200 2113 ve

69 2124 294 2210 indignationis
315 2125 509 2210 agnovimus
533 2124 756 2192 misericordiae
778 2134 844 2190 tuae
866 2125 1096 2212 indulgentiam
1118 2148 1226 2192 conse-

67 2227 156 2290 siolo

70 2312 214 2375 quamur,
230 2312 288 2376 per

163 2439 168 2446 '
247 2442 344 2490 beadrm
415 2457 480 2490 verm
561 2439 650 2490 vebid’
748 2440 819 2488 driht’
910 2455 961 2489 cere
1004 2440 1080 2489 itinrae
1123 2442 1209 2491 arfaest'

117 2505 198 2590 (13.)
223 2505 376 2570 Precibus
391 2504 515 2581 nostris,
529 2524 710 2589 quesumus,
724 2503 871 2579 Domine,
887 2525 994 2567 aurem
1011 2513 1084 2568 tuae
1100 2504 1227 2588 pietatis

134 2609 205 2657 alibi
300 2624 316 2671 7
365 2609 461 2671 gibeodo
525 2608 668 2656 boonsnndra
741 2605 848 2667 gideigln'
928 2605 1046 2668 gioybigl
1078 2607 1217 2656 volrvmliee

67 2671 278 2748 accommoda,
294 2681 327 2736 et
338 2671 494 2735 orationes
510 2669 688 2755 supplicum
700 2668 895 2733 occultorum
913 2669 1056 2752 cognitor
1070 2669 1226 2754 benignus

88 2774 155 2837 giber
216 2777 260 2836 ato
280 2773 324 2822 Sec
371 2772 468 2836 gefende
526 2781 551 2821 to
599 2773 639 2822 life
714 2769 774 2818 berh
785 2786 850 2832 cyme
971 2786 1010 2818 ece

67 2837 194 2916 exaudi,
218 2846 264 2915 ut,
287 2845 320 2902 te
341 2837 505 2922 largiente,
522 2835 562 2900 ad
577 2835 674 2900 vitam
689 2833 875 2919 perveniant
890 2833 1122 2917 sempiternam,
1140 2857 1197 2920 per

245 2996 315 3060 gionn
407 2996 464 3046 solco
519 2994 578 3044 sint
642 2993 714 3042 driht'
828 2993 914 3042 vebid'
1056 2994 1160 3070 gifrofrqs
1197 3055 1204 3071 ⁸

112 3059 193 3144 (la)
219 3059 351 3124 Praesta
376 3059 495 3145 populo
520 3067 586 3136 tuo,
612 3056 759 3134 Domine,
791 3077 972 3141 quesumus,
1000 3057 1222 3120 consolnuoms

98 3163 194 3210 fvlt'v'me
281 3178 298 3226 7
370 3162 486 3224 longsimi
609 3158 715 3207 ermom
855 3157 995 3220 pinneudel
1087 3159 1199 3208 mildelioe

65 3225 229 3306 auxilium,
274 3235 308 3290 et
350 3224 508 3290 diuturnis
552 3221 784 3292 calamitatibus
827 3220 1022 3284 laborantem
1066 3220 1222 3306 propitius

98 3328 201 3392 eftblapa
280 3328 339 3390 giles

65 3391 222 3478 respirare
244 3391 391 3468 concede,
414 3413 472 3478 per

243 3548 313 3610 gionn
405 3547 494 3610 pebid'
629 3547 692 3624 allm'
804 3546 849 3608 god
898 3548 942 3606 itte
969 3545 1042 3622 &aba
1069 3547 1220 3608 ondspyrniso

112 3612 193 3697 (15.)
220 3610 351 3688 Praesta,
368 3632 549 3696 quesumus,
566 3619 765 3695 omnipotens
780 3609 881 3684 Deus,
905 3618 942 3674 ut
984 3631 1039 3694 qur
1083 3609 1201 3674 offensa

93 3729 135 3762 rsa
183 3712 243 3761 berh
279 3714 361 3776 syuipa
463 3713 545 3762 fraires
674 3712 724 3774 gefe
813 3711 934 3773 vegifoele

65 3786 175 3842 nostra
188 3781 249 3863 per'
259 3775 394 3861 flagella,
410 3774 632 3842 consolationis
647 3774 780 3859 gratiam
796 3773 977 3849 sentiamus,
993 3794 1051 3857 per

113 4001 195 4085 (16.)
221 3952 434 4064 bffiiblibenem
455 3935 592 4064 fiaibriliie
613 3933 689 4074 ibng,
713 3932 895 4078 qribsiiinus
911 3928 1059 4068 Dbrbine,
1083 3929 1222 4069 inqqqlqe,

82 4105 205 4153 cvoemlico
255 4105 299 4164 {tto
351 4102 444 4165 agefeno
484 4100 608 4162 fs'gilnisse
695 4112 770 4160 synna
882 4095 908 4144 of
952 4093 1011 4142 aina
1056 4094 1224 4144 volfremnissi

63 4167 220 4254 placatus,
259 4175 304 4242 ut,
334 4164 460 4230 indulta
498 4163 591 4227 venia
627 4168 837 4248 peccatorum,
874 4158 914 4224 de
951 4155 1014 4223 tuis
1061 4157 1223 4224 benefieiis

90 4270 165 4333 symle
204 4268 387 4346 vesiefvldratl
416 4267 477 4316 berh
588 4326 595 4340 ·

67 4355 195 4419 semper
216 4331 397 4416 gloriemur,
420 4353 478 4416 per
499 4329 676 4394 Domrnum

1076 4445 1097 4486 G
