2986 5074
434 515 664 560 ANGLQAXON
687 515 820 559 urrout.

412 746 443 808 n'
467 765 639 810 nouorum
659 766 700 810 ru
723 766 853 810 aarum.

215 946 261 1009 god
337 944 389 993 eaes
441 945 511 992 bearn
559 944 593 992 f'e
641 943 702 992 haelo
784 959 871 1019 syenes
928 943 1039 992 mennisc'
1087 947 1113 994 of
1141 947 1208 996 heof'

100 1007 160 1092 (1.)
185 1007 286 1084 Deus,
314 1008 405 1092 cujus
433 1007 518 1072 filius
547 1027 606 1094 pro
631 1006 733 1071 salute
762 1027 888 1091 generis
917 1005 1048 1072 humani
1076 1009 1117 1074 de
1139 1009 1207 1075 celo

49 1109 221 1173 ofdvn...ig'
253 1119 277 1158 to
341 1107 414 1158 sardi
486 1124 503 1172 Ἰ
600 1109 769 1172 gineolecende’
864 1109 909 1156 tiid
973 1107 1089 1174 &remgor
1163 1113 1209 1160 his’

50 1173 218 1237 deseendit
246 1173 287 1238 ad
320 1181 430 1248 terras,
473 1184 506 1237 et
538 1171 811 1258 adpropinquante
847 1171 925 1236 hora
953 1173 1110 1257 passionis
1149 1195 1210 1273 sup

151 1275 225 1324 hierv'
330 1291 361 1324 on
392 1275 480 1324 osualdo
533 1291 597 1323 cvme
655 1275 746 1337 *jfrom
780 1273 897 1322 itreattvm
937 1277 1007 1338 cynig
1054 1277 1208 1340 itagiceidoi

53 1336 303 1405 Hierosolimam
330 1337 365 1402 in
394 1338 483 1403 asino
507 1337 624 1414 venire,
652 1347 731 1402 ete
791 1337 891 1402 turbis
937 1337 1009 1402 Rex
1053 1341 1206 1427 appellari

94 1442 304 1504 §tebitynedvere
326 1441 392 1489 valdo
456 1441 581 1503 gibloedsiu
634 1439 784 1503 gimeodomia
813 1443 854 1502 bae
918 1441 1014 1502 paelma'
1102 1443 1187 1492 oderra

51 1525 91 1568 ae
134 1504 257 1568 laudari
300 1503 411 1580 voluit,
433 1503 621 1569 benedicere
646 1503 777 1590 dignare
806 1503 865 1566 hos
879 1503 1055 1588 palmarum
1070 1515 1209 1572 caetera-

138 1606 151 1653 ἲ
215 1609 332 1670 brogrrena
403 1607 481 1670 triggo
521 1609 566 1667 itte
614 1606 658 1654 ulle
709 1605 786 1653 &uite
824 1605 864 1653 hia
895 1607 1024 1668 brengende
1056 1607 1103 1654 sint
1154 1625 1201 1658 svae

50 1691 163 1734 rumve
192 1670 349 1736 frondium
382 1691 495 1746 ramos,
526 1678 564 1732 ut
589 1689 697 1732 omnes
728 1667 784 1753 qui
820 1689 874 1732 eos
916 1667 1012 1732 laturi
1049 1679 1124 1733 sunt
1161 1671 1213 1736 ita„

84 1773 229 1836 bloetsvnges
311 1772 380 1822 diues
427 1773 479 1836 gefe
528 1771 764 1832 efthiesieefylledo
868 1769 934 1830 οὔῦ
994 1787 1028 1820 aec
1060 1773 1085 1820 in
1117 1771 1207 1824 &imvm

49 1835 281 1900 benedictionis
308 1846 382 1901 tuae
407 1835 513 1910 dono,
555 1833 747 1920 repleantur,
824 1831 973 1917 quatinus
998 1843 1031 1898 et
1057 1834 1091 1899 in
1134 1836 1196 1901 hoc

59 1939 156 1986 vorvlde
198 1939 270 1987 fiond'
333 1939 397 1987 aldes
447 1936 449 1942 ’
512 1940 615 2000 costrng'
728 1933 841 1984 of'sriiie
889 1952 923 1986 aec
950 1937 975 1984 in
1013 1938 1108 2000 pervide
1148 1938 1198 1988 mie

52 2001 163 2065 seculo
185 2001 285 2066 hostis
309 2001 433 2087 antiqui
457 2007 685 2087 temptamenta
708 2020 866 2085 superare,
894 2008 927 2063 et
946 1999 979 2062 in
999 1999 1106 2066 futuro
1134 2024 1207 2068 cum

64 2104 149 2165 paelm'
197 2105 292 2167 uigfaest'
331 2118 348 2167 Ἰ
385 2104 475 2153 vaestim
549 2103 620 2166 godra
711 2117 792 2150 recrea
845 2100 877 2149 te
910 2101 1028 2164 maegihiu
1076 2105 1176 2155 aedeave
1210 2105 1212 2113 ’

53 2166 162 2251 palma
172 2167 311 2232 victoriae
323 2177 356 2233 et
367 2167 504 2232 fructum
514 2167 669 2244 benorum
684 2187 816 2252 operum
831 2163 890 2230 tibi
904 2164 1029 2230 valeant
1044 2188 1205 2254 apparere,

53 2354 114 2418 per
129 2332 265 2398 eundem

208 2509 254 2570 god
299 2507 378 2557 eveo
477 2509 585 2556 irierv'⁵
690 2508 801 2570 eymende
844 2508 914 2570 oynig
950 2511 1058 2570 §terere
1069 2509 1139 2560 haten
1187 2527 1204 2576 7

103 2571 163 2654 (2.)
187 2571 287 2648 Deus,
315 2571 371 2656 qui
396 2569 644 2638 Hierusolimam
678 2569 808 2634 veniens
839 2570 911 2634 Rex
966 2572 1120 2658 appellari
1174 2587 1208 2640 et

100 2672 223 2722 dorssndes
275 2671 359 2736 peritia
423 2674 511 2722 vuldest
596 2673 721 2736 gibloedsis
801 2672 952 2736 gimmdomia
1005 2675 1051 2724 das
1110 2683 1177 2726 imas

55 2758 78 2800 a
109 2737 216 2821 pueris
253 2735 376 2800 adorari
400 2735 538 2812 voluisti,
567 2735 753 2800 benedicere
811 2735 941 2820 dignare
1000 2737 1057 2802 has
1079 2738 1208 2806 frondes

73 2838 213 2886 missenlicre
303 2846 383 2886 treoua
467 2853 484 2902 Ἰ
543 2839 598 2901 gion
642 2841 687 2899 itte
722 2854 769 2887 svm
818 2838 862 2887 iias
934 2847 974 2888 vta
1045 2841 1071 2889 in
1135 2843 1184 2892 lrfv

54 2901 252 2966 diversarum
273 2902 429 2976 arborum,
456 2912 489 2965 et
517 2909 624 2986 presta
645 2909 682 2966 ut
703 2900 786 2966 sicut
814 2923 868 2967 eas
910 2903 1019 2968 aforis
1042 2903 1076 2967 in
1101 2926 1207 2970 amore

99 3019 166 3051 nome
204 3003 273 3052 itiner
288 3005 422 3052 vebrohten
441 3020 488 3053 svm
529 3006 581 3066 pvt'
644 3003 752 3052 bionna}
824 3004 850 3052 in
875 3005 936 3054 halle
985 3006 1081 3068 briostes
1129 3011 1189 3055 vser'

52 3065 193 3130 nominis
214 3067 263 3132 tui
283 3066 423 3144 ferimus,
443 3066 490 3131 ita
504 3067 599 3130 etiam
612 3065 803 3130 intrinsecus
817 3066 851 3132 in
870 3068 944 3133 aula
957 3068 1094 3154 pectoris
1108 3070 1208 3134 nostri

78 3168 161 3229 paelme
258 3168 307 3217 lva
389 3167 458 3217 itinre
498 3169 571 3232 symlo
654 3167 809 3217 inbiorneve
1140 3191 1141 3194 ¹

52 3231 176 3294 fervore
191 3229 368 3296 dilectionis
383 3240 457 3296 tuae
472 3253 597 3318 semper
611 3230 854 3307 inardescamus,
872 3231 927 3318 qui
941 3231 1020 3296 vivis

263 3405 326 3454 alim*
503 3421 542 3454 oce
680 3407 726 3470 god
779 3405 903 3470 sftbesigh
936 3409 1062 3472 [mildelioe
1144 3409 1178 3457 of'

102 3468 162 3552 (e.)
187 3467 408 3553 Omnipotens,
434 3468 625 3553 sempiterne
654 3467 754 3546 Deus,
781 3471 903 3556 respice
927 3470 1084 3558 propitius
1112 3493 1209 3558 super

53 3569 140 3620 istosne
204 3587 258 3620 eme
358 3569 410 3620 tin'
603 3569 666 3620 itone
705 3581 730 3621 to
794 3574 857 3622 nira'
931 3578 1020 3624 ooaereo’
1115 3575 1166 3639 gefe

52 3634 142 3698 hune
156 3633 310 3699 famulum
329 3642 431 3711 tuum,
457 3633 558 3711 illum,
581 3657 676 3720 quem
696 3636 736 3700 ad
759 3657 873 3701 novom
899 3637 1051 3702 tondendi
1074 3638 1209 3722 gratiam

62 3735 153 3798 graus
202 3736 361 3799 anamma
403 3736 447 3786 aas
498 3738 531 3786 sa
596 3737 645 3786 um
726 3737 834 3800 ruma
946 3740 1003 3790 mm
1135 3757 1210 3802 sm,

53 3821 169 3864 vocare
213 3799 361 3884 dignatus
405 3822 449 3878 es,
465 3799 569 3865 tribue
606 3800 637 3865 ei
673 3799 889 3865 remissionem
904 3802 1044 3865 omnium
1064 3813 1210 3886 peecato-

178 3933 240 3982 ’μευ
304 3919 426 3968 heofonlio'
523 3919 619 3982 gecione
712 3919 812 3982 gihlytto
883 3934 952 3981 possa
1050 3919 1141 3968 bodens

53 4002 137 4058 rum,
158 3989 255 4068 atque
281 3982 465 4047 caelestium
487 3981 641 4046 donorum
667 3981 861 4046 consortium
884 4003 954 4047 esse
977 3992 1207 4070 preceptorum,

54 4169 116 4233 per

950 4297 1123 4378 Nm
