3040 5074
486 536 717 581 auano-ssxou
743 540 875 582 arsura.
1195 525 1255 584 159

100 673 245 738 veritatis
272 674 327 759 qui
351 697 370 738 a
397 675 493 739 Patre
520 677 670 761 procedit,
694 679 749 743 ille
775 679 990 744 testimonium
1016 679 1195 765 perhibebit
1218 681 1257 744 de

100 815 162 858 me.
219 795 263 859 Et
285 818 341 860 vos
366 796 582 860 testimonium
611 799 827 884 perhibebitis,
860 802 914 887 qui
944 803 984 866 ab
1014 801 1105 866 initio
1135 826 1259 868 meeum

98 922 188 986 estis.
237 923 320 988 Haec
334 923 461 988 locutus
477 947 547 988 sum
562 926 662 1004 vobis,
688 937 801 991 utnon
817 927 1081 992 scandalizemini.
1127 929 1260 1013 Absque

99 1049 271 1133 synagogis
293 1049 410 1114 facient
432 1072 495 1114 vos.
544 1052 608 1115 Sed
633 1052 720 1116 venit
744 1053 823 1117 hora
845 1062 882 1116 ut
903 1053 1005 1118 omnis
1029 1053 1085 1138 qui
1110 1053 1261 1118 interficit

98 1194 158 1236 vos
187 1173 358 1240 arbitretur
390 1198 424 1240 se
459 1177 646 1262 obsequium
676 1187 820 1290 prpstare
852 1180 933 1244 Deo.
980 1179 1025 1243 Et
1053 1179 1115 1292 hqc
1143 1177 1260 1244 facient

98 1299 260 1384 quianon
279 1311 436 1366 noverunt
461 1302 597 1378 Patrem,
624 1325 728 1389 neque
758 1326 818 1369 me.
869 1305 932 1369 Sed
952 1305 1014 1400 hec
1036 1304 1162 1369 locutus
1188 1325 1258 1370 sum

98 1429 199 1504 vobiS,
231 1438 267 1493 ut
297 1449 369 1493 cum
398 1429 521 1494 venerit
549 1431 628 1494 hora
662 1453 772 1494 eorum
806 1431 1061 1509 reminiscamini,
1094 1433 1169 1518 quia
1198 1455 1257 1518 ego

100 1555 171 1620 dixi
186 1554 283 1618 vobis.

144 1681 214 1746 Os'.
238 1682 431 1746 Benedictus
447 1681 489 1746 sit
504 1681 603 1747 Deus.

142 1807 192 1869 V'.
216 1807 315 1884 Deus,
332 1807 424 1872 Deus
439 1829 539 1882 meus,
555 1807 596 1872 nd
611 1816 643 1871 te
658 1808 767 1872 levavi.

537 2011 576 2090 ›1‹
599 2009 815 2072 eosrcorrou'.

144 2143 204 2226 (1.)
229 2143 414 2219 Animabus,
442 2165 636 2228 quaesumus,
665 2143 812 2218 Domine,
840 2141 1028 2205 famulorum
1052 2141 1255 2205 famularum-

94 2291 160 2355 que
176 2280 301 2334 tuarum
317 2270 562 2335 misericordiam
577 2269 715 2335 concede
737 2281 933 2356 perpetuam,
959 2281 995 2334 ut
1017 2270 1063 2334 eis
1090 2268 1256 2355 proficiant

93 2396 128 2458 in
145 2405 309 2474 aeternum,
326 2398 411 2483 quod
426 2397 459 2462 in
474 2407 506 2463 te
522 2408 728 2482 speraverunt
743 2409 776 2462 et
791 2398 1001 2474 crediderunt,
1018 2419 1076 2483 per
1115 2443 1117 2448 -

627 2598 671 2640 an
694 2580 730 2642 c'.

143 2711 201 2795 (l.)
228 2712 399 2777 Proficiant
418 2713 509 2778 nobis
531 2713 572 2776 ad
597 2711 732 2775 salutem
755 2709 901 2794 corporis
918 2719 951 2772 et
976 2708 1090 2817 animq,
1116 2708 1253 2773 Domine

94 2835 197 2912 Deus,
213 2836 310 2922 hujus
321 2839 509 2904 sacramenti
524 2836 692 2922 susceptio,
706 2847 739 2901 et
753 2836 946 2937 sempiterne
962 2843 1071 2942 sanctp
1087 2835 1253 2901 Trinitatis

95 2962 259 3041 confessio,
277 2989 333 3052 per

394 3160 431 3203 IN
455 3161 584 3203 NATALE
609 3159 712 3201 UNIUS
735 3157 961 3201 CONFESSORIS.

141 3275 201 3356 (1.)
228 3273 276 3336 A‘.
302 3273 422 3337 Statuit
437 3273 467 3337 ci
484 3272 642 3338 Dominus
657 3273 759 3336 testa'.

142 3401 201 3483 (2.)
228 3398 279 3461 A’.
304 3399 352 3464 Os
364 3399 444 3484 justi
458 3421 510 3464 me
525 3399 613 3464 dita'.

140 3525 200 3608 (3.)
226 3525 360 3604 Exaudi,
392 3527 539 3604 Domine,
571 3547 681 3612 preces
710 3533 842 3600 nostras,
874 3545 954 3609 quas
983 3523 1016 3587 in
1047 3525 1148 3589 saneti
1177 3547 1251 3591 con-

93 3650 221 3715 fessoris
249 3652 307 3729 tui,
332 3653 374 3730 il’,
396 3664 492 3739 atque
515 3650 673 3751 pontificis
697 3649 896 3714 solemnitate
921 3649 1100 3726 deferimus,
1132 3661 1169 3715 ut
1195 3653 1249 3737 qui

93 3778 153 3843 tibi
182 3779 277 3865 digne
307 3781 422 3846 meruit
451 3778 604 3855 famulari,
640 3778 709 3862 ejus
746 3777 1014 3842 intercedentibus
1032 3769 1035 3776 ’
1053 3775 1172 3841 meritis
1191 3793 1193 3798 '
1209 3780 1249 3841 ab

94 3906 241 3972 omnibus
256 3929 314 3973 nos
329 3907 456 3972 absolve
472 3904 619 3991 peccatis,
636 3925 693 3989 per

453 4119 569 4163 LECTIO
592 4119 684 4161 LIBRI
708 4118 891 4193 SAPIENTnp.

136 4237 198 4323 (1.)
224 4236 310 4301 Ecce
330 4235 475 4300 sacerdos
495 4255 638 4318 magnus,
660 4232 716 4317 qui
736 4231 769 4294 in
793 4231 905 4296 diebus
930 4232 996 4297 suis
1021 4233 1141 4319 placuit
1164 4233 1246 4310 Deo,

90 4374 123 4428 et
149 4363 299 4426 inventus
323 4371 372 4426 est
392 4361 507 4445 justus,
524 4359 557 4423 in
579 4369 721 4443 tempore
747 4357 913 4467 irecundip
938 4362 1040 4427 factus
1066 4373 1115 4428 est
1138 4382 1247 4426 recon-
