2986 5074
261 487 301 552 78
645 503 880 548 suono-saxon
902 503 1035 548 arruns.

257 644 376 692 fremuisse
392 642 462 692 binas
510 641 595 705 bingen
683 641 752 690 onfoa
848 643 986 706 vegiearnia

258 707 331 772 ficia
403 706 451 772 tui
482 704 622 770 muneris
644 705 807 790 percipere
829 726 1015 783 mereamur,
1038 726 1096 791 per

303 917 393 960 Nono
416 895 497 959 ΚΑΒ,
520 915 728 971 DEGEMBRIS,
753 913 892 958 NArAnu
914 913 1035 958 SANCTI
1058 915 1252 960 CLEMENTIS
1276 917 1384 961 PAPAE.

414 1052 460 1114 god
514 1049 592 1099 ὅνδε
627 1049 679 1112 mig
736 1047 815 1112 gerlic’
864 1049 947 1111 cadges
1052 1047 1095 1097 cle·
1216 1049 1313 1102 &torres
1351 1051 1418 1102 birca

304 1114 363 1198 (1.)
388 1114 488 1190 Deus,
529 1113 585 1199 qui
625 1134 683 1177 nos
724 1132 831 1176 annua
859 1111 944 1175 beati
974 1111 1150 1177 Clementis
1184 1115 1334 1200 martyris
1364 1117 1411 1180 tui

275 1231 337 1280 *laec
401 1217 529 1265 hehbisoo'
626 1214 724 1278 rymbel’
835 1213 923 1276 gladius
1031 1215 1090 1277 gilas
1193 1217 1307 1266 mildclice
1376 1221 1418 1280 lite

259 1289 356 1364 atque
384 1278 544 1364 pontificis
570 1277 782 1342 sollemnitate
810 1275 974 1353 laetificas,
1005 1277 1143 1342 concede
1174 1280 1343 1364 propitius,
1374 1291 1417 1358 ut,

274 1381 327 1430 aas
366 1379 522 1444 symbelcenn'
549 1377 658 1444 vobigait
724 1393 813 1440 magen
883 1378 1012 1428 amaon
1054 1379 1170 1444 amvnges
1221 1384 1418 1448 vcbisinginime

259 1445 351 1530 cujus
374 1444 518 1510 natalitia
539 1443 681 1520 colimus,
705 1441 855 1506 virtutem
884 1463 1011 1529 quoqne
1041 1443 1197 1530 passionis
1232 1445 1405 1527 imitemur,

259 1623 318 1688 per

360 1764 439 1807 v111.
463 1739 544 1804 nr)
567 1761 773 1818 nucerinum,
797 1760 918 1804 sanem
942 1763 1118 1808 GBIBOGONI
1142 1765 1335 1812 naamis.

399 1911 454 1944 vocs
464 1895 499 1945 liv
628 1895 726 1943 boenvm
887 1898 929 1946 vsi
1005 1899 1051 1958 §te
1085 1897 1160 1948 liobe
1192 1900 1219 1948 of
1253 1901 1419 1952 vnrchtvisnis'

305 1961 366 2043 (1.)
391 1959 513 2023 Adesto
543 1957 828 2043 supplicationibus
857 1959 984 2037 nostris,
1014 1970 1060 2038 ut,
1091 1963 1146 2049 qni
1175 1984 1216 2027 ex
1250 1963 1419 2050 iniquitate

292 2078 333 2110 vsa
373 2060 534 2124 dcadscyldigo
623 2075 679 2108 rosa
743 2068 881 2122 reongeton
978 2061 1015 2112 ea’
1291 2066 1390 2117 brom

260 2134 370 2190 nostra
417 2145 488 2187 reos
540 2145 599 2188 nos
621 2143 690 2187 esse
717 2124 932 2208 cognovimus,
961 2125 1048 2192 beati
1077 2127 1245 2214 Crisogoni
1273 2133 1420 2218 martyris

260 2216 329 2275 &inca
394 2225 513 2289 ilingrngo
601 2241 630 2274 ve
641 2226 674 2274 sie
684 2226 763 2274 alesad

271 2290 319 2355 tui
348 2289 574 2356 intercessione
599 2289 780 2367 liberemur,
807 2311 866 2376 per

363 2502 418 2543 111.
443 2479 525 2544 ιΑρ’
547 2478 633 2557 ond,
658 2497 771 2542 rasam
794 2500 914 2543 annom
940 2499 1130 2543 sennarum
1156 2501 1347 2549 naarrnrs.

421 2632 467 2695 god
510 2631 587 2682 brba
626 2631 677 2695 rsig
708 2632 790 2694 eadgcs
1041 2632 1137 2684 lirovres
1180 2634 1250 2685 binos
1298 2639 1388 2700 gilefea

218 2759 225 2773 ,
306 2695 365 2779 (l.)
390 2695 490 2772 Deus,
530 2695 585 2779 qui
623 2716 681 2758 nos
710 2693 795 2759 beati
828 2694 990 2760 Saturnini
1018 2698 1164 2784 martyris
1193 2700 1242 2762 tui
1272 2703 1420 2768 concedis

261 2798 408 2862 symbelcen'
431 2796 636 2859 preborhbrvoa
660 2797 697 2844 his
762 2813 789 2846 rs
870 2799 939 2860 giraec
978 2803 1093 2863 earnvngi
1116 2801 1334 2865 breaholpenosie

262 2861 412 2926 natalicio
469 2859 599 2945 perfrui,
645 2861 715 2945 ejus
736 2859 829 2924 nobis
852 2861 956 2926 tribue
978 2864 1099 2928 meritis
1142 2865 1294 2950 adjuvari,
1341 2891 1400 2954 per

333 3073 372 3113 11.
394 3048 476 3114 ΚΑΒ,
495 3069 701 3128 anonumum,
722 3068 835 3112 PASSIO
855 3069 975 3114 SANCTI
995 3070 1161 3114 ANDEEAE
1181 3072 1358 3120 Arosrom.

422 3206 545 3268 bloctsvng
645 3205 709 3254 driht
801 3205 836 3252 of'
896 3203 980 3253 heafvd
1013 3203 1134 3254 solifaestes
1155 3204 1226 3254 naon
1267 3207 1331 3256 salde
1374 3209 1421 3258 him

280 3269 367 3354 Ι(1.)
393 3268 579 3332 Benedictio
609 3268 740 3332 Domini
769 3289 865 3353 super
894 3276 991 3353 caput
1027 3269 1116 3352 justi,
1157 3269 1230 3334 ideo
1253 3269 1343 3336 dedit
1374 3273 1422 3336 illi

288 3371 441 3419 erfevardnisc
501 3371 646 3434 *ltodmlde
662 3371 711 3418 him
754 3370 800 3418 drcl
871 3370 897 3418 in
924 3371 1007 3432 'strynd
1071 3371 1165 3420 tvoelfa’
1248 3388 1265 3436 7
1309 3375 1412 3437 gimoetc

260 3434 468 3499 hereditatem
491 3443 524 3498 et
545 3434 652 3498 divisit
673 3433 703 3496 ei
722 3442 846 3517 partem
866 3432 900 3496 iu
918 3433 1020 3497 tribus
1041 3434 1218 3512 duodecim,
1242 3447 1276 3500 et
1297 3437 1423 3503 invenit

286 3537 336 3600 gefe
417 3537 443 3584 in
502 3538 597 3584 onsionc
687 3536 754 3583 aelces
802 3535 888 3583 flaesccs

262 3599 396 3685 gratiam
416 3599 450 3663 in
473 3608 647 3684 conspectu
669 3597 771 3662 ornnis
791 3598 903 3673 carnis,
926 3619 984 3683 per

445 3751 548 3798 ‘iclade
620 3749 676 3797 hine
723 3765 752 3797 on
808 3749 868 3796 onde
975 3749 1060 3796 fionda'
1158 3765 1175 3814 Ἰ
1235 3753 1322 3803 vordi.
1363 3757 1416 3804 sini

307 3816 366 3900 (2.)
399 3768 476 3878 ΜΨ
501 3812 587 3876 ificat
616 3833 688 3877 eum
718 3811 751 3874 in
781 3811 893 3875 timore
927 3811 1126 3875 inimicorum
1156 3824 1189 3878 et
1218 3816 1321 3880 verbis
1353 3820 1423 3882 suis

270 3917 389 3966 earisclica
454 3915 585 3979 gicvocmde
671 3914 764 3977 gmfade
860 3913 915 3960 hinc
964 3929 994 3961 on
1062 3916 1156 3964 onsionc
1244 3919 1345 3982 cyninga
1400 3937 1417 3985 7

262 3992 402 4044 monstra
460 3977 590 4063 placuit,
628 3975 814 4062 glorificavit
843 3976 933 4040 illum
962 3977 996 4040 in
1032 3988 1205 4064 conspectu
1234 4003 1359 4066 regum,
1394 3995 1426 4049 ct

267 4083 382 4131 acdeavde
415 4081 464 4128 him
531 4080 598 4128 vldvr
669 4081 706 4128 his

261 4144 400 4210 ostendit
417 4142 465 4206 illi
487 4095 619 4227 gloriam
641 4165 738 4220 suam,
762 4163 823 4229 per

391 4295 422 4327 on
462 4279 511 4327 lva
544 4294 561 4344 Ἰ
601 4279 731 4328 bilvitnisse
779 4277 831 4326 ilas
911 4279 975 4342 halig
1049 4280 1112 4342 dyds
1160 4280 1216 4329 hine
1273 4297 1290 4348 Ἰ
1353 4285 1361 4296 ”

307 4343 366 4430 (3.)
392 4342 432 4406 In
456 4342 517 4408 fide
543 4352 576 4408 et
599 4342 740 4408 laenitate
760 4341 861 4427 ipsius
883 4351 1027 4406 sanctum
1047 4341 1125 4408 fecit
1141 4341 1241 4424 illum,
1264 4355 1300 4410 ct
1324 4299 1427 4434 elegit
