<?xml version="1.0" encoding="UTF-8"?>
<!DOCTYPE html PUBLIC "-//W3C//DTD XHTML 1.0 Transitional//EN"
    "http://www.w3.org/TR/xhtml1/DTD/xhtml1-transitional.dtd">
<html xmlns="http://www.w3.org/1999/xhtml" xml:lang="en" lang="en">
 <head>
  <title>
</title>
<meta http-equiv="Content-Type" content="text/html;charset=utf-8" />
  <meta name='ocr-system' content='tesseract 3.04.00' />
  <meta name='ocr-capabilities' content='ocr_page ocr_carea ocr_par ocr_line ocrx_word'/>
</head>
<body>
  <div class='ocr_page' id='page_1' title='image "./ritualeecclesid00churgoog_0114.png"; bbox 0 0 2986 5074; ppageno 0'>
   <div class='ocr_carea' id='block_1_1' title="bbox 445 531 1217 594">
    <p class='ocr_par' dir='ltr' id='par_1_1' title="bbox 445 531 1217 594">
     <span class='ocr_line' id='line_1_1' title="bbox 445 531 1217 594; baseline 0.014 -11"><span class='ocrx_word' id='word_1_1' title='bbox 445 531 676 588; x_wconf 73' lang='lat' dir='ltr'>anone-saxon</span> <span class='ocrx_word' id='word_1_2' title='bbox 699 543 831 588; x_wconf 75' lang='lat' dir='ltr'>arrum.</span> <span class='ocrx_word' id='word_1_3' title='bbox 1175 535 1217 594; x_wconf 80' lang='lat'>93</span> 
     </span>
    </p>
   </div>
   <div class='ocr_carea' id='block_1_2' title="bbox 108 669 1218 831">
    <p class='ocr_par' dir='ltr' id='par_1_2' title="bbox 108 669 1218 831">
     <span class='ocr_line' id='line_1_2' title="bbox 290 669 1187 747; baseline 0.01 -21"><span class='ocrx_word' id='word_1_4' title='bbox 290 669 345 726; x_wconf 69' lang='lat' dir='ltr'>alni*</span> <span class='ocrx_word' id='word_1_5' title='bbox 454 673 456 678; x_wconf 67' lang='grc'><strong>’</strong></span> <span class='ocrx_word' id='word_1_6' title='bbox 505 697 544 729; x_wconf 84' lang='lat' dir='ltr'>ecc</span> <span class='ocrx_word' id='word_1_7' title='bbox 656 683 702 745; x_wconf 79' lang='lat' dir='ltr'>god</span> <span class='ocrx_word' id='word_1_8' title='bbox 745 683 822 732; x_wconf 60' lang='lat' dir='ltr'>broc</span> <span class='ocrx_word' id='word_1_9' title='bbox 847 683 872 731; x_wconf 91' lang='lat' dir='ltr'>in</span> <span class='ocrx_word' id='word_1_10' title='bbox 933 684 1020 747; x_wconf 62' lang='lat' dir='ltr'>‘balig&#39;a</span> <span class='ocrx_word' id='word_1_11' title='bbox 1116 685 1187 736; x_wconf 71' lang='lat' dir='ltr'>tina</span> 
     </span>
     <span class='ocr_line' id='line_1_3' title="bbox 108 737 1218 831; baseline 0.013 -29"><span class='ocrx_word' id='word_1_12' title='bbox 108 737 168 821; x_wconf 83' lang='lat'><strong>(7.)</strong></span> <span class='ocrx_word' id='word_1_13' title='bbox 195 738 406 826; x_wconf 81' lang='lat' dir='ltr'>Omnipotens</span> <span class='ocrx_word' id='word_1_14' title='bbox 422 745 612 828; x_wconf 82' lang='lat' dir='ltr'>sempiterne</span> <span class='ocrx_word' id='word_1_15' title='bbox 627 746 728 823; x_wconf 85' lang='lat' dir='ltr'>Deus,</span> <span class='ocrx_word' id='word_1_16' title='bbox 759 746 815 831; x_wconf 90' lang='lat' dir='ltr'>qui</span> <span class='ocrx_word' id='word_1_17' title='bbox 844 746 877 810; x_wconf 94' lang='lat' dir='ltr'>in</span> <span class='ocrx_word' id='word_1_18' title='bbox 894 757 1075 812; x_wconf 88' lang='lat' dir='ltr'>sanctorum</span> <span class='ocrx_word' id='word_1_19' title='bbox 1090 757 1218 816; x_wconf 87' lang='lat' dir='ltr'>tuorum</span> 
     </span>
    </p>
   </div>
   <div class='ocr_carea' id='block_1_3' title="bbox 60 837 1218 988">
    <p class='ocr_par' dir='ltr' id='par_1_3' title="bbox 60 837 1218 988">
     <span class='ocr_line' id='line_1_4' title="bbox 77 837 1186 911; baseline 0.014 -26"><span class='ocrx_word' id='word_1_20' title='bbox 77 837 183 888; x_wconf 84' lang='lat' dir='ltr'>beartvm</span> <span class='ocrx_word' id='word_1_21' title='bbox 279 843 317 906; x_wconf 76' lang='lat' dir='ltr'>leg</span> <span class='ocrx_word' id='word_1_22' title='bbox 365 843 465 904; x_wconf 22' lang='lat' dir='ltr'>*tinrae</span> <span class='ocrx_word' id='word_1_23' title='bbox 545 848 596 895; x_wconf 62' lang='lat' dir='ltr'>lvi?</span> <span class='ocrx_word' id='word_1_24' title='bbox 709 849 814 911; x_wconf 79' lang='lat' dir='ltr'>gibernes</span> <span class='ocrx_word' id='word_1_25' title='bbox 870 850 903 898; x_wconf 83' lang='lat' dir='ltr'>sel</span> <span class='ocrx_word' id='word_1_26' title='bbox 967 849 1041 898; x_wconf 66' lang='lat' dir='ltr'>cohi?</span> <span class='ocrx_word' id='word_1_27' title='bbox 1121 869 1186 902; x_wconf 82' lang='lat' dir='ltr'>rsvm</span> 
     </span>
     <span class='ocr_line' id='line_1_5' title="bbox 60 901 1218 988; baseline 0.017 -27"><span class='ocrx_word' id='word_1_28' title='bbox 60 901 211 967; x_wconf 86' lang='lat' dir='ltr'>cordibus</span> <span class='ocrx_word' id='word_1_29' title='bbox 225 904 382 971; x_wconf 86' lang='lat' dir='ltr'>flammam</span> <span class='ocrx_word' id='word_1_30' title='bbox 398 917 464 972; x_wconf 87' lang='lat' dir='ltr'>tuae</span> <span class='ocrx_word' id='word_1_31' title='bbox 478 908 656 975; x_wconf 78' lang='lat' dir='ltr'>dilectionis</span> <span class='ocrx_word' id='word_1_32' title='bbox 683 911 839 988; x_wconf 82' lang='lat' dir='ltr'>accendis,</span> <span class='ocrx_word' id='word_1_33' title='bbox 863 913 905 976; x_wconf 87' lang='lat' dir='ltr'>da</span> <span class='ocrx_word' id='word_1_34' title='bbox 924 913 1087 980; x_wconf 91' lang='lat' dir='ltr'>mentibus</span> <span class='ocrx_word' id='word_1_35' title='bbox 1101 916 1218 980; x_wconf 87' lang='lat' dir='ltr'>nostris</span> 
     </span>
    </p>
   </div>
   <div class='ocr_carea' id='block_1_4' title="bbox 62 1002 1218 1326">
    <p class='ocr_par' dir='ltr' id='par_1_4' title="bbox 62 1002 1218 1237">
     <span class='ocr_line' id='line_1_6' title="bbox 63 1002 1194 1086; baseline 0.014 -36"><span class='ocrx_word' id='word_1_36' title='bbox 63 1002 191 1069; x_wconf 55' lang='grc' dir='ltr'>ΗΜ.)</span> <span class='ocrx_word' id='word_1_37' title='bbox 242 1008 300 1056; x_wconf 81' lang='lat' dir='ltr'>lva‘</span> <span class='ocrx_word' id='word_1_38' title='bbox 375 1012 533 1086; x_wconf 73' lang='lat' dir='ltr'>7godcslvfr</span> <span class='ocrx_word' id='word_1_39' title='bbox 639 1029 715 1077; x_wconf 79' lang='lat' dir='ltr'>maegn</span> <span class='ocrx_word' id='word_1_40' title='bbox 792 1016 837 1074; x_wconf 69' lang='lat' dir='ltr'>lite</span> <span class='ocrx_word' id='word_1_41' title='bbox 912 1015 971 1064; x_wconf 67' lang='lat' dir='ltr'>bara</span> <span class='ocrx_word' id='word_1_42' title='bbox 1020 1068 1023 1071; x_wconf 62' lang='grc'>,</span> <span class='ocrx_word' id='word_1_43' title='bbox 1073 1019 1194 1080; x_wconf 78' lang='lat' dir='ltr'>gifcsiave</span> 
     </span>
     <span class='ocr_line' id='line_1_7' title="bbox 62 1067 1218 1166; baseline 0.016 -39"><span class='ocrx_word' id='word_1_44' title='bbox 62 1067 198 1131; x_wconf 88' lang='lat' dir='ltr'>candem</span> <span class='ocrx_word' id='word_1_45' title='bbox 235 1069 310 1135; x_wconf 87' lang='lat' dir='ltr'>fidei</span> <span class='ocrx_word' id='word_1_46' title='bbox 350 1074 553 1160; x_wconf 80' lang='lat' dir='ltr'>caritatisque</span> <span class='ocrx_word' id='word_1_47' title='bbox 594 1075 752 1154; x_wconf 85' lang='lat' dir='ltr'>virtutem,</span> <span class='ocrx_word' id='word_1_48' title='bbox 794 1086 832 1141; x_wconf 92' lang='lat' dir='ltr'>ut</span> <span class='ocrx_word' id='word_1_49' title='bbox 870 1100 1006 1164; x_wconf 91' lang='lat' dir='ltr'>quorum</span> <span class='ocrx_word' id='word_1_50' title='bbox 1043 1080 1218 1166; x_wconf 86' lang='lat' dir='ltr'>gaudemus</span> 
     </span>
     <span class='ocr_line' id='line_1_8' title="bbox 70 1171 585 1237; baseline 0.016 -21"><span class='ocrx_word' id='word_1_51' title='bbox 70 1171 220 1232; x_wconf 65' lang='lat' dir='ltr'>siglaestnissi</span> <span class='ocrx_word' id='word_1_52' title='bbox 294 1173 394 1237; x_wconf 67' lang='lat' dir='ltr'>gibiive</span> <span class='ocrx_word' id='word_1_53' title='bbox 509 1177 585 1226; x_wconf 66' lang='lat' dir='ltr'>bisin?</span> 
     </span>
    </p>

    <p class='ocr_par' dir='ltr' id='par_1_5' title="bbox 62 1233 704 1326">
     <span class='ocr_line' id='line_1_9' title="bbox 62 1233 704 1326; baseline 0.016 -31"><span class='ocrx_word' id='word_1_54' title='bbox 62 1233 235 1320; x_wconf 87' lang='lat' dir='ltr'>triumphis</span> <span class='ocrx_word' id='word_1_55' title='bbox 250 1237 451 1322; x_wconf 88' lang='lat' dir='ltr'>proficiamus</span> <span class='ocrx_word' id='word_1_56' title='bbox 466 1239 630 1326; x_wconf 82' lang='lat' dir='ltr'>exemplis,</span> <span class='ocrx_word' id='word_1_57' title='bbox 646 1262 704 1326; x_wconf 88' lang='lat' dir='ltr'>per</span> 
     </span>
    </p>
   </div>
   <div class='ocr_carea' id='block_1_5' title="bbox 107 1400 1217 1571">
    <p class='ocr_par' dir='ltr' id='par_1_6' title="bbox 107 1400 1217 1571">
     <span class='ocr_line' id='line_1_10' title="bbox 221 1400 1184 1501; baseline 0.011 -36"><span class='ocrx_word' id='word_1_58' title='bbox 221 1419 292 1481; x_wconf 79' lang='lat' dir='ltr'>gionn</span> <span class='ocrx_word' id='word_1_59' title='bbox 373 1421 444 1498; x_wconf 70' lang='lat' dir='ltr'>dnbt&#39;</span> <span class='ocrx_word' id='word_1_60' title='bbox 552 1423 640 1472; x_wconf 87' lang='lat' dir='ltr'>vebid&#39;</span> <span class='ocrx_word' id='word_1_61' title='bbox 714 1427 759 1485; x_wconf 56' lang='lat' dir='ltr'>§te</span> <span class='ocrx_word' id='word_1_62' title='bbox 796 1400 848 1501; x_wconf 46' lang='lat' dir='ltr'>&#39;svae</span> <span class='ocrx_word' id='word_1_63' title='bbox 930 1427 1026 1490; x_wconf 78' lang='lat' dir='ltr'>baligna&#39;</span> <span class='ocrx_word' id='word_1_64' title='bbox 1115 1426 1184 1477; x_wconf 71' lang='lat' dir='ltr'>tima</span> 
     </span>
     <span class='ocr_line' id='line_1_11' title="bbox 107 1479 1217 1571; baseline 0.011 -28"><span class='ocrx_word' id='word_1_65' title='bbox 107 1479 169 1562; x_wconf 82' lang='lat'><strong>(8.)</strong></span> <span class='ocrx_word' id='word_1_66' title='bbox 196 1480 316 1559; x_wconf 86' lang='lat' dir='ltr'>Presta,</span> <span class='ocrx_word' id='word_1_67' title='bbox 334 1483 482 1560; x_wconf 89' lang='lat' dir='ltr'>Domme,</span> <span class='ocrx_word' id='word_1_68' title='bbox 507 1507 690 1571; x_wconf 88' lang='lat' dir='ltr'>quesumus,</span> <span class='ocrx_word' id='word_1_69' title='bbox 717 1497 754 1551; x_wconf 90' lang='lat' dir='ltr'>ut</span> <span class='ocrx_word' id='word_1_70' title='bbox 779 1497 861 1553; x_wconf 84' lang='lat' dir='ltr'>srcut</span> <span class='ocrx_word' id='word_1_71' title='bbox 884 1500 1064 1554; x_wconf 88' lang='lat' dir='ltr'>sanctorum</span> <span class='ocrx_word' id='word_1_72' title='bbox 1090 1499 1217 1555; x_wconf 92' lang='lat' dir='ltr'>tuorum</span> 
     </span>
    </p>
   </div>
   <div class='ocr_carea' id='block_1_6' title="bbox 62 1581 1217 1742">
    <p class='ocr_par' dir='ltr' id='par_1_7' title="bbox 62 1581 1217 1742">
     <span class='ocr_line' id='line_1_12' title="bbox 63 1581 1186 1656; baseline 0.013 -29"><span class='ocrx_word' id='word_1_73' title='bbox 63 1581 116 1643; x_wconf 81' lang='lat' dir='ltr'>vsig</span> <span class='ocrx_word' id='word_1_74' title='bbox 159 1584 309 1644; x_wconf 82' lang='lat' dir='ltr'>symbclceu’</span> <span class='ocrx_word' id='word_1_75' title='bbox 372 1587 516 1648; x_wconf 79' lang='lat' dir='ltr'>gimersando</span> <span class='ocrx_word' id='word_1_76' title='bbox 580 1604 610 1637; x_wconf 87' lang='lat' dir='ltr'>ne</span> <span class='ocrx_word' id='word_1_77' title='bbox 691 1591 769 1638; x_wconf 79' lang='lat' dir='ltr'>fletos</span> <span class='ocrx_word' id='word_1_78' title='bbox 840 1607 887 1640; x_wconf 80' lang='lat' dir='ltr'>svae</span> <span class='ocrx_word' id='word_1_79' title='bbox 920 1593 1034 1656; x_wconf 80' lang='lat' dir='ltr'>symlinga</span> <span class='ocrx_word' id='word_1_80' title='bbox 1089 1594 1186 1642; x_wconf 65' lang='lat' dir='ltr'>fvltvm?</span> 
     </span>
     <span class='ocr_line' id='line_1_13' title="bbox 62 1645 1217 1742; baseline 0.015 -38"><span class='ocrx_word' id='word_1_81' title='bbox 62 1664 123 1707; x_wconf 93' lang='lat' dir='ltr'>nos</span> <span class='ocrx_word' id='word_1_82' title='bbox 162 1645 307 1712; x_wconf 87' lang='lat' dir='ltr'>natalitia</span> <span class='ocrx_word' id='word_1_83' title='bbox 346 1649 534 1716; x_wconf 88' lang='lat' dir='ltr'>celebranda</span> <span class='ocrx_word' id='word_1_84' title='bbox 558 1673 623 1715; x_wconf 94' lang='lat' dir='ltr'>non</span> <span class='ocrx_word' id='word_1_85' title='bbox 652 1652 811 1730; x_wconf 88' lang='lat' dir='ltr'>deserunt,</span> <span class='ocrx_word' id='word_1_86' title='bbox 841 1653 887 1718; x_wconf 84' lang='lat' dir='ltr'>ita</span> <span class='ocrx_word' id='word_1_87' title='bbox 912 1654 1032 1739; x_wconf 84' lang='lat' dir='ltr'>jugiter</span> <span class='ocrx_word' id='word_1_88' title='bbox 1061 1656 1217 1742; x_wconf 84' lang='lat' dir='ltr'>suffragiis</span> 
     </span>
    </p>
   </div>
   <div class='ocr_carea' id='block_1_7' title="bbox 63 1741 682 1898">
    <p class='ocr_par' dir='ltr' id='par_1_8' title="bbox 63 1741 682 1898">
     <span class='ocr_line' id='line_1_14' title="bbox 79 1741 682 1823; baseline 0.003 -28"><span class='ocrx_word' id='word_1_89' title='bbox 79 1746 230 1823; x_wconf 66' lang='lat' dir='ltr'>gifoqrsoipeb</span> <span class='ocrx_word' id='word_1_90' title='bbox 328 1741 332 1749; x_wconf 77' lang='grc'><strong>’</strong></span> <span class='ocrx_word' id='word_1_91' title='bbox 541 1768 546 1772; x_wconf 91' lang='grc'><strong><em>·</em></strong></span> <span class='ocrx_word' id='word_1_92' title='bbox 679 1771 682 1774; x_wconf 95' lang='grc'><strong><em>·</em></strong></span> 
     </span>
     <span class='ocr_line' id='line_1_15' title="bbox 63 1819 336 1898; baseline 0.022 -27"><span class='ocrx_word' id='word_1_93' title='bbox 63 1819 264 1889; x_wconf 79' lang='lat' dir='ltr'>comitentur,</span> <span class='ocrx_word' id='word_1_94' title='bbox 277 1835 336 1898; x_wconf 90' lang='lat' dir='ltr'>per</span> 
     </span>
    </p>
   </div>
   <div class='ocr_carea' id='block_1_8' title="bbox 62 1997 1216 2316">
    <p class='ocr_par' dir='ltr' id='par_1_9' title="bbox 211 1997 1216 2064">
     <span class='ocr_line' id='line_1_16' title="bbox 211 1997 1216 2064; baseline 0.005 -18"><span class='ocrx_word' id='word_1_95' title='bbox 211 1997 303 2046; x_wconf 66' lang='lat' dir='ltr'>vaesbr</span> <span class='ocrx_word' id='word_1_96' title='bbox 378 1999 449 2048; x_wconf 78' lang='lat' dir='ltr'>drihr</span> <span class='ocrx_word' id='word_1_97' title='bbox 546 2001 602 2048; x_wconf 78' lang='lat' dir='ltr'>soloe</span> <span class='ocrx_word' id='word_1_98' title='bbox 662 1998 720 2048; x_wconf 65' lang='lat' dir='ltr'>tint</span> <span class='ocrx_word' id='word_1_99' title='bbox 793 2001 881 2064; x_wconf 80' lang='lat' dir='ltr'>haligra</span> <span class='ocrx_word' id='word_1_100' title='bbox 983 1999 1053 2050; x_wconf 68' lang='lat' dir='ltr'>birra</span> <span class='ocrx_word' id='word_1_101' title='bbox 1108 2001 1216 2052; x_wconf 66' lang='lat' dir='ltr'>fadorlic?</span> 
     </span>
    </p>

    <p class='ocr_par' dir='ltr' id='par_1_10' title="bbox 62 2060 1216 2316">
     <span class='ocr_line' id='line_1_17' title="bbox 110 2060 1216 2150; baseline 0.006 -28"><span class='ocrx_word' id='word_1_102' title='bbox 110 2060 169 2143; x_wconf 88' lang='grc'>(9.)</span> <span class='ocrx_word' id='word_1_103' title='bbox 194 2060 325 2138; x_wconf 86' lang='lat' dir='ltr'>Adesto,</span> <span class='ocrx_word' id='word_1_104' title='bbox 342 2061 490 2138; x_wconf 85' lang='lat' dir='ltr'>Domine,</span> <span class='ocrx_word' id='word_1_105' title='bbox 514 2063 632 2148; x_wconf 92' lang='lat' dir='ltr'>populo</span> <span class='ocrx_word' id='word_1_106' title='bbox 656 2071 721 2140; x_wconf 92' lang='lat' dir='ltr'>tuo,</span> <span class='ocrx_word' id='word_1_107' title='bbox 749 2074 928 2128; x_wconf 86' lang='lat' dir='ltr'>sanctorum</span> <span class='ocrx_word' id='word_1_108' title='bbox 953 2073 1080 2128; x_wconf 89' lang='lat' dir='ltr'>tuorum</span> <span class='ocrx_word' id='word_1_109' title='bbox 1110 2075 1216 2150; x_wconf 89' lang='lat' dir='ltr'>patro-</span> 
     </span>
     <span class='ocr_line' id='line_1_18' title="bbox 62 2160 1200 2230; baseline 0.006 -23"><span class='ocrx_word' id='word_1_110' title='bbox 62 2160 137 2223; x_wconf 63' lang='lat' dir='ltr'>bing?</span> <span class='ocrx_word' id='word_1_111' title='bbox 202 2163 331 2212; x_wconf 75' lang='lat' dir='ltr'>boemundo</span> <span class='ocrx_word' id='word_1_112' title='bbox 375 2166 420 2226; x_wconf 56' lang='lat' dir='ltr'>pte</span> <span class='ocrx_word' id='word_1_113' title='bbox 470 2167 490 2224; x_wconf 66' lang='lat' dir='ltr'>lt</span> <span class='ocrx_word' id='word_1_114' title='bbox 541 2166 651 2228; x_wconf 73' lang='lat' dir='ltr'>syndrig?</span> <span class='ocrx_word' id='word_1_115' title='bbox 693 2166 768 2214; x_wconf 80' lang='lat' dir='ltr'>baeldo</span> <span class='ocrx_word' id='word_1_116' title='bbox 816 2183 847 2214; x_wconf 86' lang='lat' dir='ltr'>ne</span> <span class='ocrx_word' id='word_1_117' title='bbox 878 2167 1026 2230; x_wconf 75' lang='lat' dir='ltr'>gidyrstgade</span> <span class='ocrx_word' id='word_1_118' title='bbox 1058 2166 1200 2216; x_wconf 80' lang='lat' dir='ltr'>fvltrmsndo</span> 
     </span>
     <span class='ocr_line' id='line_1_19' title="bbox 62 2223 1216 2316; baseline 0.007 -30"><span class='ocrx_word' id='word_1_119' title='bbox 62 2223 147 2288; x_wconf 91' lang='lat' dir='ltr'>cinio</span> <span class='ocrx_word' id='word_1_120' title='bbox 162 2225 362 2310; x_wconf 84' lang='lat' dir='ltr'>supplicanti,</span> <span class='ocrx_word' id='word_1_121' title='bbox 379 2237 416 2291; x_wconf 92' lang='lat' dir='ltr'>ut</span> <span class='ocrx_word' id='word_1_122' title='bbox 431 2227 516 2312; x_wconf 92' lang='lat' dir='ltr'>quod</span> <span class='ocrx_word' id='word_1_123' title='bbox 527 2229 654 2313; x_wconf 91' lang='lat' dir='ltr'>propria</span> <span class='ocrx_word' id='word_1_124' title='bbox 667 2228 783 2293; x_wconf 88' lang='lat' dir='ltr'>fiducia</span> <span class='ocrx_word' id='word_1_125' title='bbox 793 2249 856 2294; x_wconf 91' lang='lat' dir='ltr'>non</span> <span class='ocrx_word' id='word_1_126' title='bbox 867 2229 1030 2314; x_wconf 87' lang='lat' dir='ltr'>presumit,</span> <span class='ocrx_word' id='word_1_127' title='bbox 1043 2229 1216 2316; x_wconf 86' lang='lat' dir='ltr'>suffragan-</span> 
     </span>
    </p>
   </div>
   <div class='ocr_carea' id='block_1_9' title="bbox 62 2331 632 2478">
    <p class='ocr_par' dir='ltr' id='par_1_11' title="bbox 62 2331 632 2478">
     <span class='ocr_line' id='line_1_20' title="bbox 79 2331 500 2404; baseline 0.01 -2"><span class='ocrx_word' id='word_1_128' title='bbox 79 2388 86 2402; x_wconf 91' lang='lat'>.</span> <span class='ocrx_word' id='word_1_129' title='bbox 169 2344 308 2404; x_wconf 53' lang='lat' dir='ltr'>smmum</span> <span class='ocrx_word' id='word_1_130' title='bbox 413 2331 500 2393; x_wconf 72' lang='lat' dir='ltr'>usu</span> 
     </span>
     <span class='ocr_line' id='line_1_21' title="bbox 62 2398 632 2478; baseline 0.011 -27"><span class='ocrx_word' id='word_1_131' title='bbox 62 2398 143 2454; x_wconf 87' lang='lat' dir='ltr'>trum</span> <span class='ocrx_word' id='word_1_132' title='bbox 180 2404 301 2456; x_wconf 85' lang='lat' dir='ltr'>mentrs</span> <span class='ocrx_word' id='word_1_133' title='bbox 338 2403 557 2478; x_wconf 88' lang='lat' dir='ltr'>consequatur,</span> <span class='ocrx_word' id='word_1_134' title='bbox 574 2415 632 2478; x_wconf 87' lang='lat' dir='ltr'>per</span> 
     </span>
    </p>
   </div>
   <div class='ocr_carea' id='block_1_10' title="bbox 109 2587 1215 2740">
    <p class='ocr_par' dir='ltr' id='par_1_12' title="bbox 109 2587 1215 2740">
     <span class='ocr_line' id='line_1_22' title="bbox 289 2587 1204 2656; baseline -0.001 -16"><span class='ocrx_word' id='word_1_135' title='bbox 289 2591 422 2641; x_wconf 82' lang='lat' dir='ltr'>miclandel</span> <span class='ocrx_word' id='word_1_136' title='bbox 536 2591 607 2639; x_wconf 88' lang='lat' dir='ltr'>driht&#39;</span> <span class='ocrx_word' id='word_1_137' title='bbox 693 2587 868 2655; x_wconf 62' lang='lat' dir='ltr'>mildenisseff)</span> <span class='ocrx_word' id='word_1_138' title='bbox 932 2592 978 2641; x_wconf 70' lang='lat' dir='ltr'>sin</span> <span class='ocrx_word' id='word_1_139' title='bbox 1041 2589 1204 2656; x_wconf 83' lang='lat' dir='ltr'>croemlice(?)</span> 
     </span>
     <span class='ocr_line' id='line_1_23' title="bbox 109 2654 1215 2740; baseline -0.001 -22"><span class='ocrx_word' id='word_1_140' title='bbox 109 2655 190 2738; x_wconf 91' lang='grc'>(10.)</span> <span class='ocrx_word' id='word_1_141' title='bbox 215 2654 470 2740; x_wconf 79' lang='lat' dir='ltr'>Magnificentes,</span> <span class='ocrx_word' id='word_1_142' title='bbox 501 2654 649 2731; x_wconf 91' lang='lat' dir='ltr'>Domine,</span> <span class='ocrx_word' id='word_1_143' title='bbox 680 2654 879 2718; x_wconf 89' lang='lat' dir='ltr'>clementiam</span> <span class='ocrx_word' id='word_1_144' title='bbox 908 2664 996 2720; x_wconf 91' lang='lat' dir='ltr'>tuam</span> <span class='ocrx_word' id='word_1_145' title='bbox 1029 2654 1215 2740; x_wconf 86' lang='lat' dir='ltr'>suppliciter</span> 
     </span>
    </p>
   </div>
   <div class='ocr_carea' id='block_1_11' title="bbox 62 2756 1214 2906">
    <p class='ocr_par' dir='ltr' id='par_1_13' title="bbox 62 2756 1214 2906">
     <span class='ocr_line' id='line_1_24' title="bbox 78 2756 1214 2820; baseline 0.002 -16"><span class='ocrx_word' id='word_1_146' title='bbox 78 2758 217 2805; x_wconf 70' lang='lat' dir='ltr'>vebiddas</span> <span class='ocrx_word' id='word_1_147' title='bbox 263 2761 308 2819; x_wconf 55' lang='lat' dir='ltr'>§te</span> <span class='ocrx_word' id='word_1_148' title='bbox 330 2757 408 2806; x_wconf 66' lang='lat' dir='ltr'>bulte</span> <span class='ocrx_word' id='word_1_149' title='bbox 435 2758 485 2820; x_wconf 81' lang='lat' dir='ltr'>vsig</span> <span class='ocrx_word' id='word_1_150' title='bbox 564 2757 652 2820; x_wconf 77' lang='lat' dir='ltr'>baligra</span> <span class='ocrx_word' id='word_1_151' title='bbox 749 2757 820 2806; x_wconf 68' lang='lat' dir='ltr'>binra</span> <span class='ocrx_word' id='word_1_152' title='bbox 891 2759 1063 2820; x_wconf 77' lang='lat' dir='ltr'>ostgimosc...</span> <span class='ocrx_word' id='word_1_153' title='bbox 1102 2756 1214 2819; x_wconf 76' lang='lat' dir='ltr'>livdoest</span> 
     </span>
     <span class='ocr_line' id='line_1_25' title="bbox 62 2819 1200 2906; baseline 0.002 -24"><span class='ocrx_word' id='word_1_154' title='bbox 62 2841 239 2897; x_wconf 84' lang='lat' dir='ltr'>exoramus,</span> <span class='ocrx_word' id='word_1_155' title='bbox 270 2830 307 2884; x_wconf 94' lang='lat' dir='ltr'>ut</span> <span class='ocrx_word' id='word_1_156' title='bbox 344 2820 399 2905; x_wconf 92' lang='lat' dir='ltr'>qui</span> <span class='ocrx_word' id='word_1_157' title='bbox 432 2842 491 2884; x_wconf 91' lang='lat' dir='ltr'>nos</span> <span class='ocrx_word' id='word_1_158' title='bbox 520 2829 700 2885; x_wconf 88' lang='lat' dir='ltr'>sanctorum</span> <span class='ocrx_word' id='word_1_159' title='bbox 722 2828 848 2884; x_wconf 89' lang='lat' dir='ltr'>tuorum</span> <span class='ocrx_word' id='word_1_160' title='bbox 871 2819 1091 2906; x_wconf 87' lang='lat' dir='ltr'>frequentibus</span> <span class='ocrx_word' id='word_1_161' title='bbox 1121 2820 1200 2884; x_wconf 86' lang='lat' dir='ltr'>facis</span> 
     </span>
    </p>
   </div>
   <div class='ocr_carea' id='block_1_12' title="bbox 51 2917 1186 3070">
    <p class='ocr_par' dir='ltr' id='par_1_14' title="bbox 51 2917 1186 3070">
     <span class='ocr_line' id='line_1_26' title="bbox 51 2917 1186 2986; baseline 0.004 -17"><span class='ocrx_word' id='word_1_162' title='bbox 51 2917 227 2983; x_wconf 56' lang='lat' dir='ltr'>&#39;symbelcenn&#39;</span> <span class='ocrx_word' id='word_1_163' title='bbox 291 2924 445 2986; x_wconf 80' lang='lat' dir='ltr'>bitpihvossa</span> <span class='ocrx_word' id='word_1_164' title='bbox 519 2923 600 2971; x_wconf 66' lang='lat' dir='ltr'>coelic?</span> <span class='ocrx_word' id='word_1_165' title='bbox 689 2923 777 2986; x_wconf 68' lang='lat' dir='ltr'>giselob</span> <span class='ocrx_word' id='word_1_166' title='bbox 848 2923 931 2985; x_wconf 81' lang='lat' dir='ltr'>gileaia</span> <span class='ocrx_word' id='word_1_167' title='bbox 998 2922 1186 2986; x_wconf 67' lang='lat' dir='ltr'>mibgihly....</span> 
     </span>
     <span class='ocr_line' id='line_1_27' title="bbox 72 2984 1179 3070; baseline 0.002 -24"><span class='ocrx_word' id='word_1_168' title='bbox 72 2985 224 3050; x_wconf 76' lang='lat' dir='ltr'>natalitiis</span> <span class='ocrx_word' id='word_1_169' title='bbox 282 2986 444 3063; x_wconf 90' lang='lat' dir='ltr'>interesse,</span> <span class='ocrx_word' id='word_1_170' title='bbox 476 2984 638 3070; x_wconf 87' lang='lat' dir='ltr'>perpetuis</span> <span class='ocrx_word' id='word_1_171' title='bbox 672 2986 793 3050; x_wconf 88' lang='lat' dir='ltr'>tribuas</span> <span class='ocrx_word' id='word_1_172' title='bbox 821 2986 959 3070; x_wconf 86' lang='lat' dir='ltr'>gaudere</span> <span class='ocrx_word' id='word_1_173' title='bbox 1004 2984 1179 3062; x_wconf 87' lang='lat' dir='ltr'>consortiis,</span> 
     </span>
    </p>
   </div>
   <div class='ocr_carea' id='block_1_13' title="bbox 62 3171 875 3398">
    <p class='ocr_par' dir='ltr' id='par_1_15' title="bbox 62 3171 875 3398">
     <span class='ocr_line' id='line_1_28' title="bbox 62 3171 121 3233; baseline -0.034 -19"><span class='ocrx_word' id='word_1_174' title='bbox 62 3171 121 3233; x_wconf 92' lang='lat' dir='ltr'>per</span> 
     </span>
     <span class='ocr_line' id='line_1_29' title="bbox 400 3352 875 3398; baseline -0.004 -1"><span class='ocrx_word' id='word_1_175' title='bbox 400 3354 484 3397; x_wconf 83' lang='lat' dir='ltr'>rrnru</span> <span class='ocrx_word' id='word_1_176' title='bbox 507 3353 551 3396; x_wconf 82' lang='lat' dir='ltr'>ur</span> <span class='ocrx_word' id='word_1_177' title='bbox 573 3353 680 3398; x_wconf 77' lang='lat' dir='ltr'>sunna</span> <span class='ocrx_word' id='word_1_178' title='bbox 701 3352 875 3398; x_wconf 73' lang='lat' dir='ltr'>consecra,</span> 
     </span>
    </p>
   </div>
   <div class='ocr_carea' id='block_1_14' title="bbox 58 3513 1212 3831">
    <p class='ocr_par' dir='ltr' id='par_1_16' title="bbox 58 3513 1212 3831">
     <span class='ocr_line' id='line_1_30' title="bbox 138 3513 1212 3580; baseline 0 -14"><span class='ocrx_word' id='word_1_179' title='bbox 138 3515 140 3518; x_wconf 66' lang='grc'>’</span> <span class='ocrx_word' id='word_1_180' title='bbox 202 3519 235 3566; x_wconf 84' lang='lat' dir='ltr'>sel</span> <span class='ocrx_word' id='word_1_181' title='bbox 300 3533 326 3564; x_wconf 86' lang='lat' dir='ltr'>vs</span> <span class='ocrx_word' id='word_1_182' title='bbox 463 3518 526 3565; x_wconf 87' lang='lat' dir='ltr'>allm’</span> <span class='ocrx_word' id='word_1_183' title='bbox 644 3519 689 3580; x_wconf 79' lang='lat' dir='ltr'>god</span> <span class='ocrx_word' id='word_1_184' title='bbox 745 3520 789 3577; x_wconf 59' lang='lat' dir='ltr'>pto</span> <span class='ocrx_word' id='word_1_185' title='bbox 859 3516 947 3578; x_wconf 76' lang='lat' dir='ltr'>baligrc</span> <span class='ocrx_word' id='word_1_186' title='bbox 1055 3513 1124 3564; x_wconf 69' lang='lat' dir='ltr'>tiam</span> <span class='ocrx_word' id='word_1_187' title='bbox 1167 3515 1212 3566; x_wconf 73' lang='lat' dir='ltr'>ileo</span> 
     </span>
     <span class='ocr_line' id='line_1_31' title="bbox 106 3579 1209 3666; baseline 0 -21"><span class='ocrx_word' id='word_1_188' title='bbox 106 3581 165 3664; x_wconf 89' lang='lat' dir='ltr'>(l.)</span> <span class='ocrx_word' id='word_1_189' title='bbox 190 3581 243 3645; x_wconf 89' lang='lat' dir='ltr'>Da</span> <span class='ocrx_word' id='word_1_190' title='bbox 265 3579 366 3657; x_wconf 91' lang='lat' dir='ltr'>nobis,</span> <span class='ocrx_word' id='word_1_191' title='bbox 395 3579 594 3666; x_wconf 87' lang='lat' dir='ltr'>omnipotens</span> <span class='ocrx_word' id='word_1_192' title='bbox 618 3581 719 3658; x_wconf 90' lang='lat' dir='ltr'>Deus,</span> <span class='ocrx_word' id='word_1_193' title='bbox 750 3589 786 3644; x_wconf 94' lang='lat' dir='ltr'>ut</span> <span class='ocrx_word' id='word_1_194' title='bbox 815 3589 995 3644; x_wconf 88' lang='lat' dir='ltr'>sanctorum</span> <span class='ocrx_word' id='word_1_195' title='bbox 1024 3587 1151 3643; x_wconf 90' lang='lat' dir='ltr'>tuorum</span> <span class='ocrx_word' id='word_1_196' title='bbox 1177 3590 1209 3645; x_wconf 89' lang='lat' dir='ltr'>te</span> 
     </span>
     <span class='ocr_line' id='line_1_32' title="bbox 58 3683 495 3831; baseline 0.002 -22"><span class='ocrx_word' id='word_1_197' title='bbox 58 3683 299 3831; x_wconf 54' lang='lat' dir='ltr'>sqplqercm</span> <span class='ocrx_word' id='word_1_198' title='bbox 322 3792 330 3809; x_wconf 89' lang='lat'><strong>.</strong></span> <span class='ocrx_word' id='word_1_199' title='bbox 353 3791 361 3809; x_wconf 90' lang='lat'><strong>.</strong></span> <span class='ocrx_word' id='word_1_200' title='bbox 384 3790 392 3809; x_wconf 90' lang='lat'><strong>.</strong></span> <span class='ocrx_word' id='word_1_201' title='bbox 415 3751 495 3825; x_wconf 91' lang='grc'>..]</span> 
     </span>
    </p>
   </div>
   <div class='ocr_carea' id='block_1_15' title="bbox 405 3991 861 4047">
    <p class='ocr_par' dir='ltr' id='par_1_17' title="bbox 405 3991 861 4047">
     <span class='ocr_line' id='line_1_33' title="bbox 405 3991 861 4047; baseline -0.004 -11"><span class='ocrx_word' id='word_1_202' title='bbox 405 3993 450 4036; x_wconf 79' lang='lat' dir='ltr'>AD</span> <span class='ocrx_word' id='word_1_203' title='bbox 472 3993 607 4037; x_wconf 86' lang='lat' dir='ltr'>CRUCEM</span> <span class='ocrx_word' id='word_1_204' title='bbox 630 3991 861 4047; x_wconf 74' lang='lat' dir='ltr'>sALUTANonM,</span> 
     </span>
    </p>
   </div>
   <div class='ocr_carea' id='block_1_16' title="bbox 55 4145 1207 4472">
    <p class='ocr_par' dir='ltr' id='par_1_18' title="bbox 55 4145 1207 4472">
     <span class='ocr_line' id='line_1_34' title="bbox 219 4145 1170 4220; baseline 0.001 -15"><span class='ocrx_word' id='word_1_205' title='bbox 219 4158 264 4220; x_wconf 81' lang='lat' dir='ltr'>god</span> <span class='ocrx_word' id='word_1_206' title='bbox 307 4155 384 4206; x_wconf 59' lang='lat' dir='ltr'>&amp;vlle</span> <span class='ocrx_word' id='word_1_207' title='bbox 426 4145 529 4206; x_wconf 38' lang='lat' dir='ltr'>&#39;ancen&#39;</span> <span class='ocrx_word' id='word_1_208' title='bbox 593 4156 645 4205; x_wconf 77' lang='lat' dir='ltr'>tsin&#39;</span> <span class='ocrx_word' id='word_1_209' title='bbox 720 4157 791 4204; x_wconf 83' lang='lat' dir='ltr'>driht&#39;</span> <span class='ocrx_word' id='word_1_210' title='bbox 873 4160 909 4205; x_wconf 80' lang='lat' dir='ltr'>vs&#39;</span> <span class='ocrx_word' id='word_1_211' title='bbox 982 4155 1036 4208; x_wconf 80' lang='lat' dir='ltr'>hael&#39;</span> <span class='ocrx_word' id='word_1_212' title='bbox 1107 4159 1170 4206; x_wconf 63' lang='lat' dir='ltr'>crist*</span> 
     </span>
     <span class='ocr_line' id='line_1_35' title="bbox 103 4218 1207 4305; baseline 0.001 -23"><span class='ocrx_word' id='word_1_213' title='bbox 103 4219 162 4304; x_wconf 86' lang='lat' dir='ltr'>(l.)</span> <span class='ocrx_word' id='word_1_214' title='bbox 187 4220 288 4297; x_wconf 88' lang='lat' dir='ltr'>Deus,</span> <span class='ocrx_word' id='word_1_215' title='bbox 319 4221 375 4305; x_wconf 94' lang='lat' dir='ltr'>qui</span> <span class='ocrx_word' id='word_1_216' title='bbox 403 4219 559 4304; x_wconf 85' lang='lat' dir='ltr'>unigeniti</span> <span class='ocrx_word' id='word_1_217' title='bbox 597 4219 654 4297; x_wconf 92' lang='lat' dir='ltr'>tui,</span> <span class='ocrx_word' id='word_1_218' title='bbox 685 4218 817 4284; x_wconf 91' lang='lat' dir='ltr'>Domini</span> <span class='ocrx_word' id='word_1_219' title='bbox 843 4219 942 4285; x_wconf 86' lang='lat' dir='ltr'>nostri</span> <span class='ocrx_word' id='word_1_220' title='bbox 970 4221 1048 4286; x_wconf 81' lang='lat' dir='ltr'>lesu</span> <span class='ocrx_word' id='word_1_221' title='bbox 1078 4220 1207 4296; x_wconf 88' lang='lat' dir='ltr'>Christi,</span> 
     </span>
     <span class='ocr_line' id='line_1_36' title="bbox 56 4323 1168 4397; baseline 0.004 -28"><span class='ocrx_word' id='word_1_222' title='bbox 56 4323 190 4397; x_wconf 69' lang='lat' dir='ltr'>diorppr..</span> <span class='ocrx_word' id='word_1_223' title='bbox 256 4323 323 4370; x_wconf 83' lang='lat' dir='ltr'>blodo</span> <span class='ocrx_word' id='word_1_224' title='bbox 420 4324 522 4371; x_wconf 85' lang='lat' dir='ltr'>mennisc</span> <span class='ocrx_word' id='word_1_225' title='bbox 587 4339 649 4385; x_wconf 83' lang='lat' dir='ltr'>cynn</span> <span class='ocrx_word' id='word_1_226' title='bbox 713 4323 807 4370; x_wconf 86' lang='lat' dir='ltr'>eftalesa</span> <span class='ocrx_word' id='word_1_227' title='bbox 882 4325 1001 4372; x_wconf 84' lang='lat' dir='ltr'>&#39;eodvm&#39;</span> <span class='ocrx_word' id='word_1_228' title='bbox 1017 4324 1060 4373; x_wconf 63' lang='lat' dir='ltr'>arb</span> <span class='ocrx_word' id='word_1_229' title='bbox 1110 4325 1168 4389; x_wconf 81' lang='lat' dir='ltr'>giles</span> 
     </span>
     <span class='ocr_line' id='line_1_37' title="bbox 55 4340 1205 4472; baseline 0.003 -26"><span class='ocrx_word' id='word_1_230' title='bbox 55 4394 195 4468; x_wconf 80' lang='lat' dir='ltr'>pretioso</span> <span class='ocrx_word' id='word_1_231' title='bbox 211 4385 364 4470; x_wconf 86' lang='lat' dir='ltr'>sanguine</span> <span class='ocrx_word' id='word_1_232' title='bbox 379 4385 552 4450; x_wconf 89' lang='lat' dir='ltr'>humanum</span> <span class='ocrx_word' id='word_1_233' title='bbox 567 4408 668 4470; x_wconf 87' lang='lat' dir='ltr'>genus</span> <span class='ocrx_word' id='word_1_234' title='bbox 684 4385 836 4450; x_wconf 90' lang='lat' dir='ltr'>redimere</span> <span class='ocrx_word' id='word_1_235' title='bbox 852 4340 999 4472; x_wconf 51' lang='lat' dir='ltr'>dignatus</span> <span class='ocrx_word' id='word_1_236' title='bbox 1012 4409 1055 4466; x_wconf 88' lang='lat' dir='ltr'>es,</span> <span class='ocrx_word' id='word_1_237' title='bbox 1069 4387 1205 4453; x_wconf 88' lang='lat' dir='ltr'>concede</span> 
     </span>
    </p>
   </div>
   <div class='ocr_carea' id='block_1_17' title="bbox 0 0 1498 5074">
    <p class='ocr_par' dir='ltr' id='par_1_19' title="bbox 0 0 1498 5074">
     <span class='ocr_line' id='line_1_38' title="bbox 0 0 1498 5074; baseline 0 1"><span class='ocrx_word' id='word_1_238' title='bbox 0 0 1498 5074; x_wconf 95' lang='lat' dir='ltr'> </span> 
     </span>
    </p>
   </div>
  </div>
 </body>
</html>
