3040 5074
262 521 321 579 158
640 533 875 578 anuto-saxon
899 534 1031 576 atrurn.

257 674 359 738 lorum
396 683 522 739 tuorum
559 674 811 760 famularumque
848 684 985 752 tuarum,
1023 695 1158 760 quorum
1201 682 1234 737 et
1278 693 1416 757 quarum

257 800 386 864 nomina
400 799 452 862 hic
474 809 548 864 sunt
571 800 757 885 conscripta,
780 798 896 884 gaudia
918 808 1040 862 aeterna
1062 795 1246 882 suscipiant,
1271 805 1310 860 ut
1333 818 1415 881 quos
1518 817 1519 856 t

258 924 361 990 fecisti
384 924 561 1009 adoptionis
587 925 768 1010 participes,
792 925 905 1008 jubeas
931 923 1115 988 hereditatis
1141 932 1207 987 tuae
1237 944 1308 987 esse
1339 944 1417 986 con·
1518 937 1519 960 ¹

260 1062 369 1128 sortes,
386 1072 444 1137 per

675 1207 719 1249 An
742 1205 844 1248 UNUM
859 1231 988 1248 ......

764 1316 901 1359 ORATIO.

305 1423 364 1509 (l.)
389 1423 488 1499 Deus,
512 1423 604 1507 cujus
625 1421 839 1486 misericordia
861 1443 922 1485 non
947 1429 996 1486 est
1019 1440 1179 1495 numerus,
1206 1418 1334 1502 suscipe
1356 1440 1416 1502 pro

259 1549 365 1614 anima
393 1549 502 1614 famuli
531 1548 587 1624 tui,
620 1548 661 1611 N.
693 1569 804 1632 preces
837 1557 969 1622 nostras,
1008 1545 1351 1630 lucem-laetitiamque
1381 1544 1416 1608 in
1518 1543 1519 1596 ἶ

258 1675 386 1760 regione
416 1684 596 1738 sanctorum
626 1683 753 1737 tuorum
788 1671 821 1734 in
852 1672 1039 1757 pontificum
1069 1670 1219 1736 societate
1246 1669 1414 1745 concedas,

258 1824 316 1887 per

721 1947 797 1990 amn
821 1946 954 1988 onarro.

304 2054 362 2137 (1.)
388 2052 487 2127 Deus,
515 2051 569 2136 qui
593 2051 677 2115 inter
705 2050 894 2135 apostolicos
920 2049 1099 2114 sacerdotes
1129 2046 1282 2112 famulum
1309 2057 1414 2124 tuum,
1518 2079 1519 2094 ι

260 2179 300 2242 Ν.
331 2175 511 2262 pontificale
540 2175 643 2240 fecisti
672 2176 827 2260 dignitate
857 2175 972 2260 vigere,
1004 2184 1119 2261 presta,
1152 2197 1345 2260 quaesumus,
1380 2184 1416 2237 ut

259 2325 368 2368 eorum
384 2325 511 2389 quoqne
527 2312 682 2389 perpetuo
698 2302 887 2387 adgregetur
903 2301 1069 2378 consortio,
1085 2323 1144 2387 per

614 2505 710 2549 mrssa
733 2506 776 2548 nr.
798 2507 854 2573 sep
876 2505 1066 2549 rerurrarn.

304 2619 369 2704 (1.)'
388 2621 436 2682 A'.
461 2619 635 2684 Benedicta
657 2620 699 2684 sit
721 2630 829 2684 sancta
852 2619 994 2683 Trinitas
1016 2629 1112 2703 atque
1134 2617 1269 2681 indivisa
1289 2617 1415 2693 unitas3

258 2744 451 2808 confitemini
480 2743 519 2820 ei,
551 2745 625 2829 quia
653 2746 730 2809 fecit
759 2744 850 2808 nobis
880 2729 962 2808 cum¹
988 2742 1201 2808 misericordia
1237 2765 1302 2806 sua
1359 2744 1414 2808 Ps.

260 2869 490 2936 Benedicamus
507 2871 643 2935 Patrem.

304 2997 362 3081 (2.)
388 2997 608 3082 Omnipotens,
635 2997 825 3082 sempiterne
847 2999 946 3075 Deus,
971 2997 1026 3082 qui
1041 2996 1156 3061 dedisti
1178 2995 1270 3060 nobis
1284 2995 1415 3060 famulis

258 3123 321 3187 tuis
336 3124 369 3186 in
384 3123 580 3188 confessione
595 3145 668 3187 vere
683 3123 757 3188 fidei
773 3136 884 3236 eterne
899 3123 1067 3188 Trinitatis
1082 3123 1216 3206 gloriam
1231 3143 1416 3205 agnoscere,

258 3261 291 3314 et
305 3249 338 3312 in
361 3249 504 3335 potentia
526 3249 699 3334 majestatis
722 3251 852 3315 adorare
876 3250 1039 3325 unitatem,
1062 3270 1245 3334 quaesumus
1270 3246 1417 3330 ejusdem
1518 3263 1519 3342 p

258 3376 331 3440 fidei
347 3376 495 3440 firmitate
511 3378 550 3440 ab
565 3375 711 3439 omnibus
726 3397 850 3460 semper
865 3373 1044 3438 muniamur
1059 3372 1207 3448 adversis,
1224 3393 1281 3457 per
1518 3343 1519 3360 i

329 3602 456 3658 necno,
480 3603 637 3646 eersronn
659 3603 755 3646 enarr
778 3604 878 3647 enum
901 3604 1059 3647 Arosronr
1082 3604 1126 3646 nn
1148 3601 1343 3648 commanos·

304 3716 362 3801 (1.)
389 3715 524 3788 Fratres,
552 3713 665 3777 Gratia
691 3713 821 3777 Domini
850 3715 949 3779 nostri
977 3715 1055 3779 Jesu
1083 3715 1213 3792 Christi,
1240 3722 1274 3779 et
1297 3712 1415 3777 ceritas

259 3843 331 3920 Dei,
361 3853 395 3906 et
427 3838 674 3929 communicatio¹
701 3839 809 3902 Sancti
848 3839 986 3924 Spiritus
1016 3840 1057 3904 sit
1086 3856 1120 3904 et
1156 3862 1228 3904 cum
1265 3840 1417 3904 omnibus

258 3969 358 4033 nobis.

376 4143 543 4194 securrun
565 4125 623 4186 sc'1
647 4141 866 4184 evenientium
889 4140 1071 4185 sncunnuru
1093 4139 1292 4183 Jounuunm.

303 4253 362 4338 (1.)
388 4253 426 4316 lu
448 4248 508 4314 ilto'
529 4261 670 4335 tempore
696 4250 777 4314 dixit
800 4250 894 4314 Jesus
918 4248 1082 4332 discipulis
1106 4249 1180 4323 suis,
1198 4248 1282 4311 Cum
1303 4253 1415 4309 autem

258 4379 378 4444 venerit
402 4376 572 4462 paraclitus
600 4398 694 4462 quem
721 4399 779 4460 ego
809 4375 932 4439 mittam
958 4373 1046 4438 vobis
1076 4396 1095 4437 a
1126 4373 1231 4448 Patre,
1263 4371 1414 4457 spiritum
