2986 5074
505 547 740 594 suctosrxou
764 548 896 594 urruns„
1238 535 1257 596 3

137 684 157 743 ᾗ
216 683 242 732 in
291 684 366 734 vrv'er
398 685 675 750 helpendeslhielsndes
709 689 802 738 cildhad
861 691 975 753 pvndrrm
1066 691 1204 741 licxaendrm

101 746 189 830 quod
215 747 249 811 in
277 749 378 813 nostri
445 750 616 816 Salvatoris
682 752 815 818 infantia
836 753 996 818 miraculis
1019 755 1257 820 coruscantibus

99 852 288 992 ddcglabiliffi
321 868 354 980 dt
386 917 601 1002 corporalibus
631 916 834 986 incrementis
870 920 1038 986 manifesta
1073 920 1259 1006 designetur

117 1019 282 1067 mennisscniss
313 1017 374 1067 ilerlr

100 1079 294 1159 humanitas,
316 1103 374 1168 per
396 1083 532 1146 eundem

256 1217 335 1266 Gionn
416 1233 446 1281 pe
456 1219 506 1266 bid'
634 1218 698 1294 nllm'
795 1221 848 1270 God
888 1222 933 1283 itte
981 1219 1098 1298 haelendes
1140 1219 1260 1298 middang'

149 1279 208 1364 (7.)
227 1280 359 1359 Praesta
375 1303 556 1367 quesumus,
571 1290 770 1366 ommpoteus
781 1285 881 1362 Deus,
894 1294 931 1349 ut
944 1285 1115 1350 Salvatorrs
1136 1284 1257 1368 mundi,

102 1389 189 1431 stearre
244 1385 309 1434 lutra
388 1385 484 1448 giyredo
581 1385 699 1434 meurisse
770 1387 868 1437 ltohtrm
958 1404 1023 1438 vsrm
1064 1385 1248 1450 eftseaelteapde

102 1445 197 1510 stella
228 1447 319 1525 duce,
343 1448 544 1512 manifestata
565 1448 714 1524 nativitas
745 1452 905 1520 mentibus
934 1451 1050 1517 nostris
1078 1451 1237 1516 reveletur

123 1549 203 1610 symle,
252 1565 269 1614 7
318 1565 414 1615 gepaexe
567 1603 569 1606 ,

103 1631 229 1698 semper
244 1623 277 1679 et
299 1623 429 1692 crescat,
445 1634 503 1700 per

250 1748 368 1798 Geinlihts
443 1750 524 1798 Driht'
619 1751 707 1800 vebid’
820 1749 864 1802 folo
961 1751 1006 1801 sin
1055 1767 1071 1814 7
1131 1751 1226 1814 lixunge

150 1811 209 1894 (8.)
226 1811 394 1890 Inlumina,
407 1813 555 1891 Domine,
569 1832 750 1899 quesumus,
763 1815 917 1902 populum
928 1823 1029 1893 tuum,
1046 1824 1079 1879 et
1090 1813 1258 1900 splendore

104 1913 200 1976 pnldros
232 1914 302 1962 dines
328 1915 407 1964 hearte
455 1915 492 1964 his
566 1916 639 1978 symle
703 1917 801 1980 geinliht
854 1919 899 1980 lite
938 1917 1053 1981 halpende
1111 1917 1188 1966 sinvm
1232 1932 1249 1980 7

102 1976 206 2060 glorie
229 1987 294 2042 tuae
339 2000 393 2044 cor
436 1979 506 2063 ejus
532 2001 658 2065 semper
680 1981 826 2056 accende,
857 1989 895 2046 ut
924 1981 1063 2046 salutare
1098 2003 1190 2046 suurn
1224 1987 1258 2044 et

102 2050 304 2130 unablirinendlioe
355 2088 447 2144 ongette
496 2095 512 2145 7
562 2081 650 2130 soltlice
753 2083 866 2146 togigripa
952 2082 1018 2132 selle
1059 2083 1103 2132 ileo

102 2143 298 2208 incessanter
327 2153 478 2229 agnoscat
492 2153 525 2208 et
539 2146 693 2210 veraciter
707 2146 932 2232 adprehendat,
956 2147 1011 2232 qui
1033 2157 1139 2212 tecum

215 2348 270 2413 llll·
294 2370 405 2416 Nonas
419 2372 611 2430 FEBRUARH,
635 2373 848 2418 PURlFlCATIO
871 2375 993 2420 sanem
1015 2375 1143 2420 MARIAE.

275 2509 302 2558 Io
356 2509 445 2587 svoeloe
459 2509 597 2587 pingeardes
627 2510 785 2575 iopaestmede
886 2511 996 2561 sroetnis'
1080 2513 1180 2578 gistencs
1233 2529 1250 2577 7

150 2571 209 2657 (1.)
248 2572 320 2658 Ego
350 2595 441 2658 quasr
485 2585 558 2638 vitis
609 2573 795 2639 fructificavi
836 2575 1024 2641 suavitatem
1070 2578 1183 2654 odoris,
1225 2585 1259 2640 et

102 2677 200 2725 blostmo
221 2675 295 2724 mines
341 2683 424 2740 paestm
448 2673 615 2741 gistenonis’7
664 2677 772 2740 fegernis'

103 2740 197 2804 flores
226 2739 289 2804 mei
310 2739 450 2804 fructum
465 2739 569 2805 odoris
592 2749 625 2805 et
639 2739 823 2806 honestatis.

257 2875 283 2923 Ic
331 2875 410 2922 moder
440 2875 548 2938 fegarnis'
606 2875 736 2925 lrfsrmnis'
784 2875 943 2940 7omlesnis'
978 2891 996 2939 7
1068 2875 1181 2924 micelnis'

151 2937 210 3022 (2.)
233 2937 304 3022 Ego
318 2947 420 3003 mater
434 2939 554 3024 pulcrae
569 2940 755 3016 dilectionis,
773 2949 806 3004 et
820 2941 951 3018 timoris,
968 2953 1000 3004 et
1020 2939 1258 3024 magnitudinis,

115 3054 133 3106 7
184 3041 270 3105 lraelges
302 3041 385 3104 hygtes
423 3042 448 3090 in
480 3057 530 3090 mec
581 3043 646 3106 geete
715 3043 772 3091 alles
830 3041 882 3090 lifes
923 3058 940 3106 7
974 3040 1115 3090 sollfaestnr's'
1150 3043 1174 3090 in
1213 3045 1260 3090 me'

104 3115 139 3170 et
168 3114 287 3170 sanctae
314 3105 390 3190 spei,
421 3105 455 3168 in
487 3127 538 3170 me
562 3106 664 3190 gratia
693 3105 794 3169 omnis
816 3105 891 3169 vitae
914 3115 948 3170 et
969 3104 1119 3181 veritatis,
1146 3105 1181 3168 in
1206 3127 1258 3169 me

137 3209 178 3256 aelo
220 3208 281 3271 hyht
329 3209 382 3256 lifes
412 3223 429 3272 7
472 3208 570 3256 maehtes

104 3271 206 3356 omnis
221 3293 293 3358 spes
315 3271 389 3336 ritae
405 3282 438 3336 et
452 3271 586 3336 virtutis.

246 3405 374 3456 Ossaea
401 3414 426 3455 to
456 3423 494 3456 me
552 3407 598 3456 alle
644 3404 715 3455 &aas
789 3403 919 3468 gr'pilnigaa
979 3419 1029 3454 mee
1057 3405 1125 3468 7fro
1150 3407 1226 3468 cynni

150 3471 210 3555 (3.)
231 3470 380 3534 Transito
395 3471 501 3536 adme
517 3493 634 3547 omnes,
657 3469 712 3555 qui
735 3468 957 3554 concupiscitis
972 3491 1032 3546 me,
1049 3479 1082 3533 et
1095 3492 1114 3533 a
1127 3491 1258 3554 genera-

260 3575 322 3622 mini
352 3573 388 3636 gie
400 3573 433 3621 sie
441 3574 551 3636 gifylledo
633 3573 691 3622 Gnst
747 3572 817 3620 f'ilon
855 3573 904 3620 min
961 3573 994 3620 of'
1042 3573 1138 3635 hrniges
1170 3577 1244 3620 svoet'

103 3635 243 3702 tionibus
258 3637 336 3700 meis
359 3636 543 3722 implemini.
590 3636 728 3722 Spiritus
740 3635 824 3699 enim
835 3657 925 3699 meus
934 3657 1029 3720 super
1058 3636 1121 3700 mel
1145 3635 1257 3713 dulcis,

113 3740 325 3804 ‘Jerlepeardnis'
367 3740 425 3787 min'
505 3740 539 3786 ol'
603 3739 660 3788 lrrni
719 3754 736 3803 7
776 3739 815 3787 bio
826 3739 896 3786 breed
960 3739 1056 3802 gimynd
1120 3739 1183 3787 mino
1232 3742 1257 3788 in

23 3817 25 3821 '
103 3813 138 3869 et
167 3803 326 3868 hereditas
364 3825 435 3866 mea
473 3824 569 3888 super
607 3756 676 3866 mel
713 3811 747 3866 et
776 3801 892 3878 favum,
933 3801 1085 3867 memoria
1118 3824 1189 3867 mea
1223 3803 1257 3866 in

135 3922 275 3970 geoneoneso
356 3906 452 3970 porvldo

101 3969 306 4056 generatione
322 3969 520 4034 saeeulorum.

268 4105 311 4152 Gio
329 4120 365 4152 sse
406 4120 455 4152 mee
488 4119 554 4166 cysse
585 4100 669 4151 mvsa
680 4103 740 4150 sines
767 4099 837 4150 f'itou
891 4101 956 4149 botro
1010 4115 1066 4148 aron
1119 4099 1169 4148 tido
1200 4099 1258 4150 ilino

149 4165 209 4252 (4.)
221 4121 394 4234 Osculetur
404 4189 455 4232 me
470 4167 578 4232 osculo
594 4165 657 4230 oris
680 4165 739 4242 sui,
764 4163 838 4250 quia
852 4163 984 4228 meliora
998 4172 1074 4228 sunt
1088 4163 1186 4228 ubera
1201 4174 1258 4230 tua

119 4271 175 4334 pins
209 4278 291 4333 7sten
336 4269 364 4318 's'
435 4269 547 4318 smirenis'
654 4267 724 4316 &inre
796 4268 831 4315 of'
902 4267 947 4314 allo
1019 4265 1259 4330 gimongopyrtarml

101 4335 185 4410 vino,
201 4344 234 4398 et
306 4355 341 4398 or
370 4342 605 4419 unguentorum
622 4339 750 4396 tuorum
765 4353 861 4417 super
877 4329 984 4394 omnia
1070 4339 1219 4394 aromata
1293 4363 1301 4374 ι

102 4445 203 4502 pyrteno
214 4435 325 4501 gimongc.
