2986 5074
237 509 280 569 92
616 525 851 571 suono-snxon
875 524 1007 568 urruns.

284 665 368 711 οιιίοο1
427 668 472 725 {tte
537 665 624 729 haligru
704 683 819 728 earnmgs
851 663 979 740 diorpprdo
1023 661 1214 710 meren....ndc
1259 657 1397 720 vorovngen

236 726 397 812 suscipiat,
427 737 473 803 ut,
495 738 675 792 sanctorum
704 729 817 793 merita
845 738 985 812 pretiosa
1005 724 1239 800 concelebrans,
1262 721 1397 785 honoris

236 827 307 874 dines
350 837 431 876 vaestm
482 831 623 893 estgibrengs
648 831 788 880 nrfiestniss?
832 830 965 892 symbeltid'
1061 827 1185 890 bisoophnd

250 890 298 953 tui
328 891 465 956 fructum
494 893 611 958 referat
690 894 745 979 pia
801 892 1003 958 sollennitate
1032 889 1228 976 pontificum,
1260 913 1322 976 per

488 1144 525 1185 IN
548 1144 677 1188 NATALE
701 1144 932 1188 PLURIMORUM
954 1141 1149 1186 MARTIRUM.

347 1301 457 1352 wtfaesto
476 1305 501 1352 in
566 1307 651 1354 senisse
747 1306 820 1356 liunt
871 1322 888 1370 Ἰ
931 1306 983 1354 mi&
1081 1306 1152 1353 driht'
1224 1305 1245 1352 is
1296 1307 1377 1353 mesrd

283 1364 342 1446 (1.)
365 1366 451 1430 Justi
465 1367 499 1430 in
513 1377 703 1454 perpetuum
717 1369 833 1447 vivent,
855 1380 888 1433 et
914 1368 1000 1454 apud
1015 1367 1191 1432 Dominum
1207 1377 1258 1432 est
1272 1389 1397 1432 merces

254 1465 319 1512 hiora
384 1483 401 1531 Ἰ
445 1486 565 1534 smenvuge
636 1470 694 1519 Sars
749 1469 800 1518 mid
865 1469 927 1519 done
938 1471 1003 1519 hoste

238 1547 356 1605 eorum,
373 1541 406 1595 et
428 1533 576 1618 cogitatio
609 1555 719 1598 eorum
733 1534 819 1619 apud
834 1533 1030 1600 altissimum.

400 1709 484 1758 onfoeit
554 1710 696 1773 hulgnvnrss
771 1709 804 1758 rio
912 1710 991 1758 vlittes
1048 1724 1065 1772 Ἰ
1131 1709 1218 1758 mindi
1284 1709 1388 1772 m'gplit'

285 1771 344 1852 (2.)
369 1772 539 1858 Accipient
583 1774 684 1837 sancti
727 1793 861 1857 regnum
894 1771 1016 1837 decoris
1046 1781 1080 1836 et
1105 1773 1250 1836 diadema
1275 1772 1395 1857 speciei

239 1873 265 1918 of
313 1873 388 1922 honde
448 1876 519 1922 driht'
624 1875 696 1922 f'iton
793 1873 873 1922 eriora
928 1875 965 1923 his
999 1875 1094 1938 gisoilde
1137 1875 1176 1923 hin
1225 1869 1242 1939 Ἰ’
1287 1891 1366 1922 carme

239 1935 279 1996 de
299 1957 395 2000 mann
421 1937 561 2013 Domini,
590 1939 739 2022 quoniam
761 1937 892 2001 dextera
917 1959 975 2002 sun
1004 1946 1092 2022 teget
1124 1959 1189 2013 eos,
1215 1950 1248 2002 et
1263 1937 1395 2002 brachio

255 2037 325 2098 helgo
375 2039 411 2086 his
460 2040 554 2101 giscilde
614 2041 653 2088 hie

238 2109 348 2163 sancto
363 2122 421 2164 suo
436 2101 585 2166 defendet
596 2101 676 2166 illos·

351 2276 503 2341 girsnss(r'³)
536 2277 603 2339 helgo
613 2280 649 2324 ra*
698 2276 731 2324 f'e
775 2277 849 2338 byrne
924 2275 1028 2323 sodfaest'
1093 2288 1110 2336 Ἰ
1176 2273 1261 2322 onfoet
1345 2277 1380 2324 f'e

285 2339 343 2423 (3.)
369 2293 508 2404 iiiduent
544 2339 646 2403 sancti
682 2361 740 2424 pro
764 2347 870 2402 torace
893 2337 1060 2422 justitiam,
1090 2346 1124 2400 et
1147 2337 1306 2422 accipient
1335 2361 1394 2422 pro

249 2441 324 2489 helme
404 2444 457 2490 dom
530 2443 630 2505 prtedne
677 2440 810 2490 hinonfoess
860 2441 921 2488 seeld
1018 2439 1195 2487 vnnfaehtendlic
1316 2440 1394 2488 efenn-

237 2504 328 2586 galea
345 2505 501 2589 judicium
519 2515 650 2580 certum,
681 2513 807 2567 sument
832 2513 957 2566 scutum
981 2501 1228 2586 inexpugnabile
1249 2503 1393 2586 aequita-

238 2606 281 2654 lioe
361 2607 428 2670 μδ
494 2607 578 2670 girihto
675 2607 752 2669 gihuto
877 2612 951 2668 *Jto
1017 2605 1101 2667 puedt
1158 2612 1222 2652 stove
1287 2606 1373 2667 gilrede

238 2679 312 2744 tem,
346 2669 438 2734 ibunt
466 2670 585 2733 directe
605 2668 836 2754 promissiones,
865 2667 963 2732 etad
989 2677 1111 2732 certum
1134 2666 1239 2732 locum
1254 2667 1394 2733 deducet

254 2771 294 2817 his
374 2773 446 2819 driht'
521 2772 566 2834 god
614 2773 702 2818 rs'eme

239 2832 311 2896 illos
326 2833 484 2898 Dominus
499 2834 590 2897 Deus
605 2843 720 2897 noster.

400 2997 423 3058 gi
451 2996 489 3044 lde
578 2997 623 3058 god
710 2995 801 3044 menrde
905 3009 984 3042 voercc
1080 2993 1168 3054 hnligrn
1294 2993 1361 3041 hiora

284 3059 343 3140 (4.)
370 3012 522 3124 Reddidit
551 3059 642 3123 Deus
667 3058 844 3122 mercedem
869 3056 1013 3121 laborum
1040 3065 1220 3119 sanctorum
1250 3077 1392 3132 suorum,

249 3176 265 3223 Ἰ
299 3162 396 3224 gilaeded
444 3162 483 3210 hin
522 3163 548 3210 in
567 3177 624 3224 voeg
647 3161 780 3224 pmdrrlic?
825 3173 841 3222 Ἰ
882 3175 930 3206 vaes
962 3159 1010 3205 him
1167 3145 1256 3220 rigilni
1323 3157 1385 3222 figes

238 3233 271 3288 et
285 3225 417 3288 dedunt
431 3225 502 3288 mos
516 3224 550 3287 in
572 3223 623 3288 via
643 3223 788 3300 mimoni,
816 3231 849 3286 et
874 3220 936 3284 fut
958 3220 1021 3284 uns
1050 3219 1085 3284 in
1111 3173 1290 3286 veiamento
1317 3221 1394 3297 uei,

250 3341 317 3388 *jon
349 3328 398 3375 leht
463 3328 555 3374 stenrm'
600 3342 631 3373 ou
662 3325 727 3372 naeht

240 3389 319 3452 etin
334 3389 406 3454 luce
422 3389 585 3454 stellarum
599 3388 633 3451 in
648 3396 752 3451 nocte.

367 3546 433 3594 scite
482 3550 533 3610 prt'
604 3544 707 3608 gismenss
762 3545 841 3592 hesrta
885 3552 924 3592 vat
967 3545 1035 3593 hvaed
1112 3543 1201 3592 vinias
1291 3553 1342 3607 gost

285 3609 343 3694 (5.)
368 3610 435 3684 Qui
449 3620 556 3674 autem
575 3617 734 3672 scrutatur
758 3607 853 3670 corda
878 3607 938 3672 scit
968 3607 1045 3692 quid
1075 3606 1233 3671 desiderat
1249 3607 1393 3693 spiritus

236 3711 307 3760 f'iton
397 3714 446 3762 aeft'
559 3711 604 3773 god
678 3709 757 3772 girino

238 3775 312 3860 quin
334 3776 507 3840 secundum
522 3773 630 3836 Deum
645 3771 785 3856 postulat
800 3793 858 3857 pro
873 3771 999 3836 sanctis.

415 3943 475 3994 brot
527 3951 640 4020 vepvton
701 3946 745 4004 pte
802 3943 991 3992 Saemlvfendvm
1051 3945 1110 4005 gode
1189 3944 1234 3992 ulle
1340 3945 1396 3993 efire

283 4011 342 4094 (6.)
368 4009 504 4082 Fratres,
530 4029 646 4070 scrmns
671 4025 765 4090 quum
791 4007 997 4090 diligentibus
1020 4006 1128 4070 Deum
1154 4007 1260 4071 omnia
1276 4027 1395 4091 ooope-

234 4111 349 4175 gipyrond
375 4127 405 4158 on
465 4109 510 4172 god
565 4108 628 4157 iiaem
651 4107 728 4156 Saite
809 4109 858 4156 aeft'
986 4109 1118 4170 giraedeune
1182 4110 1287 4172 giceigdo
1327 4125 1386 4158 aron

235 4189 346 4238 rantur
371 4173 550 4249 iubenum,
573 4171 623 4236 his
660 4171 715 4256 qui
752 4171 925 4235 secundum
955 4171 1152 4256 propositum
1182 4172 1285 4236 vocati
1316 4183 1396 4238 sunt

236 4277 340 4338 helgnvo'

236 4339 345 4404 sancti.
