3040 5074
425 503 427 518 '
476 506 711 551 ANGLspSAXON
734 507 866 550 munst.
1184 489 1247 552 149

93 642 210 707 humili
239 639 334 729 prece
363 643 564 729 deposcimus
590 654 627 709 ut
656 643 803 709 nocturni
832 643 1022 709 insidiatoris
1051 645 1186 724 fraudes,
1216 657 1249 712 te

94 779 296 856 protegente,
311 771 484 848 vincamus,
499 793 557 857 per

604 965 751 1009 OREMUS.

142 1117 204 1203 (1.)
229 1116 451 1202 Omnipotens,
467 1113 659 1199 sempiterne
673 1115 775 1192 DeuS,
790 1137 921 1201 vespere
935 1125 969 1180 et
987 1138 1088 1194 mane,
1108 1117 1249 1195 meridie,

94 1246 295 1330 majestatem
310 1253 397 1308 tuam
413 1241 576 1328 supliciter
600 1243 815 1336 deprecamur,
840 1253 877 1308 ut
891 1243 1033 1330 expulsis
1048 1245 1088 1309 de
1103 1243 1250 1312 eoidibus

95 1371 214 1435 nostris
239 1379 441 1456 peccatorum
467 1379 646 1434 nostrorum
676 1369 824 1448 tenebris,
851 1371 892 1435 ad
916 1393 1021 1436 veram
1045 1372 1160 1449 lucem,
1187 1391 1251 1483 qup

98 1494 247 1561 Christus
262 1505 320 1574 est,
336 1519 394 1562 nos
408 1495 506 1561 facias
521 1496 694 1582 pervenire,
710 1518 768 1584 per

605 1723 753 1768 OREMUS·

140 1879 204 1966 Ι(1.)
229 1881 329 1960 Deus,
343 1881 454 1948 lumen
468 1891 624 1948 aetemum
646 1891 680 1948 et
700 1882 848 1968 splendor
867 1881 1015 1960 siderum,
1038 1883 1164 1950 claritas
1178 1908 1253 1952 noc-

97 2005 189 2083 tium,
216 2006 405 2072 illuminatio
431 2009 649 2086 tenebrarum3
673 2009 714 2074 da
739 2008 840 2086 nobis,
857 2008 1004 2087 Domine,
1029 2020 1155 2076 noctem
1170 2013 1252 2079 hanc

97 2131 297 2211 dominicam,
314 2134 462 2219 quietam,
486 2135 658 2221 pacificam,
682 2135 884 2222 tranquillam
904 2145 937 2200 et
959 2158 1101 2202 securam
1117 2138 1251 2218 habere;

98 2269 132 2324 et
147 2259 175 2324 si
190 2282 262 2345 qua,
278 2260 427 2338 Domine,
447 2259 542 2324 hodie
564 2268 695 2346 peccata
715 2259 898 2344 ignoranter
913 2259 963 2324 vel
980 2256 1117 2328 scienter
1137 2265 1253 2331 admis-

98 2385 208 2464 simus,
225 2386 373 2452 clementi
387 2385 588 2452 miseratione
603 2386 730 2475 repelle,
747 2407 805 2471 per

146 2513 205 2597 (2.)
230 2513 304 2576 An’.
364 2513 501 2577 Crucem
537 2520 624 2576 tuam
661 2513 837 2590 adoramus,
870 2512 1018 2591 Domine,
1049 2523 1082 2580 et
1111 2483 1253 2608 sanctam

99 2639 268 2705 recolimus
283 2639 481 2725 passionem:
511 2638 566 2725 qui
589 2638 623 2702 in
645 2647 677 2702 te
697 2660 809 2739 passus
830 2647 880 2704 est
901 2661 959 2725 pro
980 2640 1081 2718 nobis,
1104 2641 1254 2739 miserere

99 2765 209 2831 nostri.
255 2765 369 2831 Omnis
383 2774 485 2830 terrae.
531 2766 582 2829 A'.
609 2765 672 2830 Per
687 2765 813 2850 signum
828 2765 939 2832 crucis.

146 2897 205 2981 (3.)
231 2895 304 2960 On’.
329 2891 475 2978 Respice,
503 2891 651 2969 Domine,
675 2885 775 2976 super¹
793 2891 876 2956 hane
899 2891 1051 2956 familiam
1077 2900 1174 2972 tuam,
1195 2919 1253 2982 pro

100 3031 165 3108 q'ua
179 3022 338 3088 Dominus
351 3029 460 3085 noster
479 3021 575 3086 Jesus
591 3019 738 3086 Christus
759 3017 824 3085 non
843 3015 999 3086 dubitavit
1013 3015 1158 3090 manibus
1173 3023 1254 3093 tradi

100 3116 293 3226 nocentium,
309 3157 343 3214 et
356 3147 459 3213 crucis
474 3147 580 3212 subire
595 3155 796 3225 tormentum,
812 3169 871 3232 per
910 3197 913 3205 2

147 3277 206 3362 (4.)
231 3277 280 3341 V’.
305 3275 483 3342 Adoramus
509 3283 550 3352 te,
568 3273 704 3350 Christe,
720 3281 754 3340 ot
768 3273 985 3340 benedicimus
1007 3275 1074 3354 tibi,
1099 3278 1174 3366 quia
1195 3302 1254 3367 per

99 3407 228 3470 'crucem
244 3414 331 3471 tuam
345 3401 506 3470 redemisti
521 3401 683 3468 mundum.
1018 3395 1019 3398 ¹
1055 3417 1057 3422 ’
1091 3399 1093 3404 ’
1148 3397 1152 3404 ’

405 3639 503 3702 anrr'.
525 3659 568 3702 nn
589 3657 710 3704 ORATIO
732 3659 776 3701 sn
799 3658 942 3706 canonos.

149 3845 208 3929 (l.)
236 3843 313 3908 Pius
334 3865 372 3907 ac
385 3842 543 3927 benignus
566 3841 705 3926 indulge,
732 3863 842 3926 preces
857 3863 984 3934 quoque
1002 3845 1169 3932 suplicium
1185 3859 1255 3918 tuo-

102 3990 174 4033 rum
189 3967 324 4033 libenter
338 3967 453 4033 exaudi
468 3976 501 4032 et
515 3967 676 4053 postulata
690 3968 837 4046 concede,
853 3969 1060 4055 omnipotens.

638 4193 724 4238 ALIA·
829 4226 830 4230 η
862 4219 863 4224 =

149 4336 209 4422 (1.)
236 4333 376 4412 Oriatur,
393 4333 540 4411 Domine,
556 4330 915 4402 nascentibus.teneb1·is
936 4355 1049 4410 aurora
1059 4336 1204 4420 justitiae,
1222 4348 1258 4403 ut
