3040 5074
488 541 722 587 sueno-snxon
747 540 880 585 arruns.
1199 526 1260 587 185

157 680 218 765 (1.)
244 681 464 768 Omnipotens,
484 683 685 770 sempitemae
708 684 808 761 Deus,
826 683 881 771 qui
903 683 935 748 in
955 680 1076 747 meritis
1091 680 1192 746 sancti
1214 681 1263 746 tui

112 805 304 872 Cuthberhti
326 805 497 872 sacerdotis
520 831 644 894 semper
666 832 701 874 es
716 820 749 876 et
763 811 882 897 ubique
898 810 1060 888 mirabilis,
1078 831 1261 896 quaesumus

108 929 307 996 clementiam
323 941 420 1010 tuam,
438 945 475 1000 ut
495 936 578 1002 sicut
599 937 629 1002 ei
652 937 844 1004 eminentem
864 939 997 1024 gloriam
1020 938 1191 1016 contulisti,
1215 939 1262 1004 sic

107 1055 147 1118 ad
163 1057 416 1143 consequendam
431 1062 676 1130 misericordiam
688 1074 775 1132 tuam
791 1067 860 1152 ejus
875 1089 933 1132 nos
944 1065 1092 1152 precibus
1107 1065 1260 1150 adjurari,

108 1205 167 1268 per

154 1313 217 1397 (2.)
242 1315 342 1391 Deus,
359 1315 413 1401 qui
429 1337 487 1380 nos
502 1325 683 1381 sanctorum
706 1325 832 1382 tuorum
857 1317 1022 1404 temporali
1037 1317 1158 1382 tribues
1178 1337 1263 1381 com-

105 1441 331 1507 memoratione
355 1442 502 1528 gaudere,
527 1453 654 1530 praesta,
680 1466 873 1530 quaesumus,
897 1456 934 1510 ut
959 1447 1052 1510 beato
1074 1443 1259 1510 Cudberhto

102 1565 253 1650 pontifice
267 1568 491 1647 intercedente,
515 1571 549 1635 in
570 1593 609 1636 ea
627 1593 832 1638 numeremur
854 1573 966 1638 salutis
988 1572 1021 1636 in
1043 1593 1107 1658 qua
1121 1569 1167 1634 illi
1183 1577 1259 1634 sunt

103 1693 207 1779 gratia
220 1703 278 1760 tua
291 1697 428 1782 gloriosi,
444 1719 502 1783 per

81 1829 84 1837 ’
148 1819 383 1900 [Ad....ne‚
412 1843 431 1909 7
463 1823 571 1891 Maria
601 1845 620 1912 7
655 1826 782 1892 Helena
813 1817 936 1911 7'cre.
962 1799 977 1889 ‚¹
993 1867 1257 1890 .........

127 1991 1213 2014 .....................
1216 1951 1231 2025 ]

151 2071 211 2153 (3.)
236 2070 337 2150 Deus,
355 2075 410 2160 qui
425 2085 607 2142 sanctorum
621 2086 749 2143 tuorum
768 2077 905 2144 libenter
920 2075 1053 2162 suscipis
1068 2075 1258 2152 voluntates,

100 2197 318 2264 intercedente
343 2202 438 2266 beato
455 2202 640 2268 Cudberhto
666 2203 839 2281 sacerdote,
866 2201 1018 2268 familiam
1044 2211 1141 2280 tuam,
1170 2223 1259 2287 quae-

100 2345 221 2402 sumus,
237 2326 385 2408 Domine,
402 2332 611 2399 miserationis
626 2341 692 2398 tuae
714 2333 845 2398 dextera
859 2354 984 2418 semper
999 2341 1032 2397 et
1051 2330 1169 2416 ubique
1185 2351 1259 2415 pro-

102 2459 185 2536 tege,
202 2473 261 2537 per
297 2497 300 2501 -

147 2578 206 2661 (4)
231 2576 331 2656 Deus,
348 2579 404 2665 qui
419 2588 598 2645 sanctorum
621 2588 750 2645 tuorum
769 2590 849 2667 aput
869 2580 902 2646 te
917 2580 1049 2666 gloriam
1070 2601 1257 2666 permanen-

99 2714 166 2768 tem
181 2701 321 2768 fidelium
339 2700 418 2766 facis
444 2700 611 2766 devotione
635 2701 817 2781 clarescere,
842 2713 969 2786 praesta,
997 2724 1190 2788 quaesumus,
1208 2711 1256 2768 ‘ut

97 2832 212 2894 beatus
245 2827 450 2893 Cudberhtus
487 2829 693 2914 sequentibus
728 2830 789 2896 sibi
825 2831 979 2896 beneficia
1004 2829 1171 2916 dignanter
1196 2831 1256 2895 im·

98 2957 227 3043 pendat,
243 2967 277 3022 et
291 2979 348 3044 pro
363 2957 482 3044 populo
497 2967 553 3024 tuo
568 2958 757 3024 intercessor
771 2957 896 3034 existat,
912 2979 970 3042 per
984 2955 1160 3022 Dominum

144 3205 193 3270 Be
211 3203 320 3271 Sudan
334 3205 480 3302 pudigan
496 3206 591 3270 Gaete
603 3211 647 3267 aet
670 3203 780 3268 A'olee
803 3225 845 3268 on
864 3212 942 3300 pest
965 3204 1095 3269 Saexum
1111 3228 1152 3270 on
1168 3206 1255 3272 Lau·

97 3331 220 3397 tentius
231 3354 366 3397 maessan
375 3331 468 3417 daegi
479 3330 520 3419 (l)
535 3353 576 3395 on
587 3330 714 3422 podnes
725 3329 809 3415 daegi
821 3329 960 3415 AElfsige
976 3329 1060 3396 baem
1073 3329 1205 3418 biscbpe
1220 3332 1254 3396 in

96 3459 148 3524 his
174 3457 301 3544 getelde
317 3459 436 3525 Aldred
461 3481 495 3524 se
518 3459 638 3543 profast
664 3455 720 3523 bas
739 3457 854 3552 Afeoper
883 3457 1024 3524 collectae
1048 3477 1090 3523 on
1109 3457 1148 3522 fit
1165 3458 1254 3522 nseht

95 3583 224 3664 ald[ne]
239 3607 333 3651 mona
347 3607 393 3650 aer
408 3586 550 3652 undeme
565 3595 663 3678 aprat,

141 3863 199 3944 (1.)
226 3862 319 3938 Ecce,
336 3881 451 3925 nomen
466 3860 606 3926 Domini.
637 3860 732 3938 Ecce,
752 3858 839 3924 venit
853 3879 918 3923 rex.
966 3857 1017 3922 R'.
1042 3857 1250 3943 Aspiciensa

92 3991 196 4074 longe.
242 3991 291 4053 V'.
314 3986 444 4072 Quique
465 3984 635 4072 terriginae.
680 3985 729 4049 Ψ.
754 3983 821 4060 Qui
834 3983 918 4068 regis
941 3981 1049 4047 Israel.
1096 3981 1145 4044 V’.
1168 3981 1248 4045 Tol-

93 4115 151 4180 lite
166 4124 282 4201 portas.
330 4113 379 4178 R'.
395 4111 608 4200 Aspiciebem.
653 4111 702 4178 V’.
719 4110 815 4188 Ecce,
830 4109 1016 4176 dominator.
1062 4109 1113 4172 R'.
1124 4107 1247 4174 Missus

93 4253 144 4308 est
159 4243 299 4308 Gabriel.
343 4241 393 4306 V’.
417 4241 487 4307 Ave
500 4239 617 4306 Maria.
665 4238 716 4303 R',
731 4237 928 4304 AreMarie.
973 4224 1021 4300 V'.
1034 4235 1159 4302 Tollite
1173 4258 1247 4323 por·

91 4379 151 4434 tas.
199 4370 247 4434 R'.
273 4369 475 4437 salvatorem.
525 4369 574 4434 V'.
588 4368 852 4454 Preoccupemus.
901 4365 949 4430 R'.
967 4363 1087 4430 Audite
1102 4366 1243 4430 verbum.

1053 4497 1117 4556 213
