2986 5074
639 476 875 523 tuoto-stxon
898 475 1031 523 uiuunt.

518 721 561 764 ui·
581 719 698 766 EODEM
721 719 789 778 nin,
812 721 926 766 sitnon
950 719 1151 782 ΙΕΒΔΒἨΑΝΙ.

419 851 465 916 god
508 850 585 901 tite
633 852 705 916 eadg'v'
802 850 926 902 iebnfian’
1022 850 1108 901 &iovis
1205 850 1250 901 tin
1314 867 1406 915 insegne

304 921 315 1003 (
321 917 363 1000 1.)
388 917 489 993 Deus,
520 915 576 1001 qui
604 916 733 980 beatum
750 915 982 992 Sebastianum,
994 925 1163 1002 martyrem
1179 922 1279 992 tuum,
1296 916 1415 981 virtute

258 1021 416 1085 stydfaestnise
465 1020 490 1066 in
512 1015 629 1095 brovenge
661 1019 836 1095 gitrymmedeqt
860 1019 887 1066 os
921 1019 959 1067 bis
1018 1035 1064 1094 vs·
1103 1019 1266 1094 giliqbisenel
1333 1021 1367 1067 sel

258 1083 445 1152 constanb'ae
460 1083 494 1146 in
506 1102 651 1167 passione
674 1083 838 1158 roborasti,
860 1082 1083 1166 exejusuobis
1106 1083 1281 1146 imitatione
1309 1083 1415 1146 tribue

268 1188 303 1237 [ὀ
359 1187 405 1237 ivn
449 1185 507 1234 sins
523 1183 707 1249 gimoedotpala
717 1187 811 1234 minam
828 1189 846 1232 ’s
893 1186 963 1248 giren
1039 1199 1055 1247 Ἰ
1088 1200 1125 1232 ne
1203 1186 1240 1236 hii
1264 1185 1416 1249 pistrpeardo

258 1274 316 1337 pro
331 1272 437 1316 amore
451 1257 509 1313 tuo
543 1265 693 1334 prospera
720 1271 797 1312 mun
820 1247 1017 1333 idespieere,
1034 1258 1068 1312 et
1081 1269 1103 1312 n
1150 1271 1170 1312 a
1184 1249 1254 1334 ejus
1282 1249 1416 1314 adversa

259 1371 289 1403 on
300 1390 306 1404 .
318 1389 324 1404 .
336 1390 342 1403 .
354 1389 360 1402 .
379 1351 448 1400 endis

270 1417 448 1490 formidare,
472 1433 530 1499 per

344 1615 682 1688 X11.KL'1³EBRUAR11,
707 1630 837 1675 nauata
860 1631 983 1678 sunem
1006 1632 1146 1678 turturis
1168 1633 1326 1681 vinarius.

485 1763 549 1814 allm’
744 1779 783 1812 sca
912 1761 958 1824 god
1018 1760 1094 1812 site
1117 1763 1202 1826 ginieto
1211 1765 1279 1814 micla
1295 1761 1416 1828 middimg'

305 1831 364 1915 (1.)
403 1829 624 1914 Omnipotens,
660 1827 852 1912 sempiterne
882 1825 983 1901 Deus,
1030 1826 1085 1912 qui
1128 1827 1253 1892 infirma
1296 1829 1409 1892 mundi

256 1933 339 1996 gioeas'
362 1935 406 1992 {tte
439 1940 531 1994 stronga
551 1930 682 1980 svabvoelc
731 1927 875 1976 bvs'svibes
959 1929 1018 1991 giles
1118 1932 1232 1980 mildelice
1278 1934 1322 1992 με
1340 1931 1417 1980 babo

259 1995 351 2080 eligis
374 2004 411 2060 ut
432 1995 534 2058 tortia
559 2015 685 2080 queque
715 1991 898 2068 confundas,
928 1993 1065 2068 concede
1095 1994 1261 2080 propitius,
1284 2003 1322 2059 ut
1352 1996 1410 2081 qui

260 2101 343 2162 eadges
405 2113 476 2161 agnes
551 2095 647 2144 brevies
690 2095 759 2144 bines
783 2094 872 2157 symbol
883 2094 932 2143 tido
975 2112 1003 2144 ve
1014 2096 1078 2160 bigas
1121 2113 1138 2161 Ἰ
1171 2097 1222 2146 mis
1255 2097 1287 2147 lle
1306 2097 1417 2146 fadoilieo

260 2165 364 2227 beatae
377 2159 513 2246 Agnetis
528 2159 673 2244 martyris
689 2170 755 2224 tuse
777 2157 930 2222 solemnia
951 2159 1093 2237 colimus,
1110 2171 1143 2226 et
1157 2171 1235 2246 aput
1254 2171 1286 2227 te
1310 2173 1418 2247 patro-

259 2264 320 2341 bing
392 2280 419 2312 ve
429 2263 512 2340 gilosle

258 2349 343 2394 cinia
357 2339 539 2403 sentiamus,
558 2347 615 2411 per

415 2462 492 2526 earnig
565 2459 653 2511 vebid'
761 2457 833 2510 dribt'
915 2459 1013 2510 tohtvm
1079 2477 1143 2510 vsrin
1202 2461 1252 2511 mit
1304 2478 1417 2526 pynsvm-

303 2525 361 2612 (9.)
388 2479 510 2603 iresca,
527 2547 709 2611 quesumus,
726 2524 873 2601 Domine,
890 2525 1051 2590 inentibus
1065 2525 1181 2590 nostris
1197 2547 1269 2591 cum
1291 2527 1419 2592 exulta-

256 2629 307 2678 nise
403 2630 507 2693 gisynge
588 2632 633 2689 lite
665 2630 748 2691 eadges
812 2629 883 2690 agnes
963 2627 1058 2677 brevies
1112 2628 1182 2678 binos
1225 2628 1295 2677 baete
1366 2629 1384 2694 Π

258 2692 344 2757 tione
374 2701 567 2777 provectum,
595 2701 632 2756 ut
660 2694 753 2756 beate
780 2690 916 2775 Agnetis
940 2691 1086 2777 martyris
1112 2702 1187 2771 tuae,
1214 2694 1306 2778 cujus
1330 2694 1417 2758 diem

273 2794 390 2858 &inunges
453 2797 537 2858 gerlici
617 2802 680 2842 nesto
791 2793 921 2856 eftbigaas
996 2793 1047 2858 pvt’
1111 2795 1186 2844 lvies·
1225 2796 1383 2859 stydfaitnise

257 2857 413 2944 passionis
443 2880 549 2923 annua
576 2857 742 2922 devotione
771 2857 949 2934 recolimus,
976 2859 1072 2922 etiem
1101 2858 1175 2923 fidei
1205 2862 1417 2926 constantiam

290 2961 467 3024 vnderfylgave

258 3025 498 3110 subsequamur,
514 3045 572 3110 per

505 3229 552 3272 xi.
576 3209 639 3285 iit',
663 3229 777 3273 sineri
799 3227 971 3272 vincanrii
992 3227 1171 3273 ninrunis.

406 3369 461 3416 poes
471 3353 506 3402 tv
582 3354 673 3403 ·vebid'
781 3355 852 3434 driht’
981 3361 1139 3438 toboenym'
1254 3381 1320 3413 vsvm
1373 3371 1417 3428 {tte

304 3415 362 3501 (1.)
389 3417 519 3494 Adesto,
543 3439 724 3503 quesumus,
748 3419 895 3498 Domine,
919 3424 1202 3508 supplicationibus
1226 3429 1352 3507 nostris,
1380 3443 1417 3495 ut

258 3519 333 3598 &aba
373 3522 399 3569 of
433 3519 590 3598 ‘vn-rohtyisse’
752 3522 854 3585 scyldigo
878 3525 929 3588 vsig
967 3543 1022 3575 rosa
1110 3529 1233 3592 ongeattalt
1333 3535 1417 3597 ecdges

274 3606 329 3669 qui
363 3607 402 3649 eii
432 3592 599 3668 iniquitate
629 3591 737 3647 nostra
772 3606 843 3649 reos
875 3609 933 3652 nos
966 3611 1036 3654 esse
1069 3593 1297 3677 cognoscimus,
1329 3598 1417 3662 beuti

282 3686 399 3736 Vincenti'
464 3687 559 3734 bieures
597 3685 666 3732 bines
731 3685 849 3750 ltingvngc
940 3693 1105 3756 vesiegifrind

258 3749 419 3816 Vincentii
446 3747 591 3833 martyris
617 3749 665 3813 tui
691 3748 914 3818 intercessione
938 3755 1117 3836 liberemur,
1140 3781 1199 3844 per

614 3967 642 4010 v.
667 3949 728 4025 iii',
753 3969 893 4017 ociavis
916 3973 1064 4030 noueris.

431 4101 476 4162 god
540 4099 613 4149 site
640 4101 690 4165 vsig
745 4103 828 4165 gerlic'v'
877 4107 959 4168 eadges
1049 4107 1097 4171 Ag'
1195 4108 1291 4158 lli-ories
1345 4110 1416 4161 binos

313 4163 371 4246 (l.)
406 4163 506 4239 Deus,
545 4163 601 4249 qui
637 4186 695 4229 iios
732 4187 837 4232 annua
873 4170 965 4260 beate
1002 4171 1139 4255 Agnetis
1175 4173 1322 4258 martyris
1360 4186 1415 4240 tue

289 4265 424 4340 symbclpis'
488 4265 597 4329 gigladias
654 4267 688 4318 sel
751 4267 839 4318 vebid'
923 4274 967 4333 bte
995 4274 1071 4333 biles
1119 4275 1260 4338 veporbiab
1307 4277 1412 4327 bomisse

255 4327 453 4394 solemnitate
468 4329 630 4408 laetificas,
651 4331 701 4408 da,
718 4351 900 4416 quesumus,
924 4344 961 4400 ut
983 4358 1076 4421 quain
1093 4361 1280 4404 veneramur
1301 4342 1414 4418 officio,
